2934 4818
221 249 284 311 112
676 260 759 315 Liber
777 260 812 315 11.
843 260 908 328 Cep.
926 261 969 315 35.

270 421 305 470 se
327 407 361 468 et
382 402 494 470 cedere
510 403 597 482 urbe,
620 403 778 469 victurum
799 402 832 468 in
847 400 954 484 aliquo
977 401 1087 468 abdito
1109 406 1142 466 et
1163 401 1346 485 longinquo
1361 421 1430 466 rnre

270 508 467 586 testabatur3
490 508 584 574 simul
607 509 728 575 curiam
751 508 959 591 relinquebat.
1006 517 1181 574 commotus
1203 513 1257 574 est
1278 507 1430 584 Tiberius,

236 634 252 689 5
271 621 305 682 et
326 632 516 698 quamquam
539 615 667 681 mitibus
692 615 795 680 verbis
811 614 958 681 Pisonem
980 613 1208 697 permulsisset,
1233 615 1430 696 propinquos

271 738 394 803 quoquc
417 720 484 786 eius
506 720 633 802 impulit
655 726 692 786 ut
706 721 875 787 abeuntem
891 721 1082 786 auctoritate
1104 720 1155 785 vel
1170 719 1329 801 precibus
1351 727 1431 786 tene

270 831 351 894 rent.
398 826 482 893 haud
509 827 612 893 minus
639 827 732 893 liberi
759 827 875 894 doloris
902 827 1125 893 documentum
1154 825 1239 892 idem
1262 825 1346 892 Piso
1368 845 1431 892 mor

271 932 361 998 dedit
383 937 495 999 vocata
517 933 549 999 in
572 934 622 999 ius
643 931 828 1015 Urgulania,
856 951 951 1015 quam
973 951 1072 1014 supra
1093 932 1180 1015 leges
1203 931 1356 998 amicitia
1378 933 1431 996 An·

272 1042 383 1121 gastae
407 1039 575 1107 extulerat.
622 1058 679 1105 nec
702 1044 758 1105 aut
779 1037 958 1122 Urgulania
981 1037 1221 1120 obtemperavit,
1246 1038 1280 1102 in
1308 1037 1431 1103 domum

221 1166 253 1217 10
272 1143 419 1211 Caesada
446 1150 554 1227 spreto
581 1145 695 1212 Pisone
725 1150 824 1227 vecta,
858 1150 915 1211 aut
948 1143 1002 1211 ille
1035 1142 1198 1224 abscessit,
1233 1161 1430 1227 quamquam

272 1253 417 1335 Angusta
439 1269 474 1317 se
495 1250 607 1318 violari
640 1256 672 1317 et
694 1250 838 1316 imminui
861 1253 1056 1334 quereretur.
1104 1249 1252 1318 Tiberius
1275 1248 1430 1318 hactenns

271 1357 436 1438 indulgere
460 1357 554 1422 matri
576 1357 668 1423 civile
690 1362 790 1438 ratus,
823 1362 859 1422 ut
882 1357 1060 1424 sciturum
1083 1357 1125 1422 ad
1148 1355 1314 1438 praetoris
1340 1357 1431 1422 tribu·

271 1463 333 1544 nal,
364 1460 549 1528 adiuturum
578 1463 775 1547 Urgulaniae
806 1464 935 1544 diceret,
969 1462 1124 1546 processit
1152 1461 1288 1543 Palatio,
1330 1460 1431 1544 procul

272 1569 362 1650 sequi
389 1569 482 1634 iussis
506 1569 669 1634 militibus.
715 1569 924 1653 spectabatur
951 1572 1137 1635 occursante
1159 1567 1277 1650 populo
1310 1587 1430 1651 compo

221 1693 254 1745 15
272 1674 352 1739 situs
374 1691 429 1740 ore
453 1680 486 1739 et
508 1676 706 1741 sermonibus
721 1675 817 1741 variis
834 1682 959 1757 tempus
982 1679 1078 1757 atque
1100 1675 1163 1740 iter
1178 1674 1312 1755 ducens,
1340 1676 1429 1742 donec

271 1779 455 1863 propinquis
477 1781 623 1848 Pisonem
646 1781 765 1849 frustra
788 1782 1007 1849 coercentibus
1031 1780 1148 1848 deferri
1166 1779 1320 1863 Augusta
1344 1800 1429 1864 peeo-

270 1886 366 1966 niam,
393 1905 474 1968 quae
496 1887 675 1969 petebatur,
708 1888 843 1954 iuberet.
887 1887 977 1969 isque
1000 1884 1070 1952 finis
1093 1886 1151 1967 rei,
1182 1905 1221 1952 ex
1242 1904 1310 1968 qua
1336 1905 1429 1968 neque

271 1991 344 2058 Piso
367 1993 521 2076 inglorius
545 1999 577 2058 et
593 1993 711 2060 Caesar
728 1994 848 2060 maiore
869 1991 954 2060 lama
972 1992 1040 2060 fuit.
1076 1997 1219 2059 ceterum
1234 1991 1429 2074 Urgulaniae

271 2099 416 2180 potentia
438 2100 519 2166 adeo
545 2099 643 2166 nimia
667 2099 790 2165 civitati
813 2103 893 2180 erat,
927 2103 964 2164 ut
987 2099 1079 2164 testis
1107 2098 1140 2162 in
1164 2114 1261 2163 causa
1284 2101 1429 2180 quadan,

150 2278 152 2284 ,
219 2224 254 2276 20
272 2223 355 2286 quae
383 2206 468 2288 apud
491 2211 637 2272 senatum
665 2206 877 2285 tractabatur,
909 2205 1018 2271 venire
1041 2204 1286 2285 dedignaretur:
1321 2205 1429 2270 mmsus

273 2316 323 2376 est
352 2315 480 2394 praetor
507 2313 562 2395 qui
592 2312 676 2378 domi
703 2312 925 2392 interrogaret,
959 2327 1031 2376 cum
1059 2309 1197 2392 virgines
1221 2307 1377 2376 Vestales
1406 2309 1429 2372 in

272 2414 340 2482 loro
372 2422 404 2482 et
432 2417 548 2485 iudicio
580 2418 691 2500 audiri,
728 2416 874 2501 quotiens
905 2415 1122 2482 testimonium
1153 2414 1307 2496 dicerent,
1346 2421 1428 2481 vetus

273 2539 340 2588 mos
363 2522 468 2591 merit.

361 2631 414 2695 35.
438 2630 502 2695 Res
525 2648 563 2697 eo
579 2649 662 2697 anno
685 2631 827 2714 prolatas
843 2629 929 2694 haud
952 2625 1112 2706 referrem,
1136 2627 1170 2691 ni
1190 2626 1333 2708 pretium
1358 2625 1428 2692 foret

273 2731 330 2801 On.
346 2733 469 2801 Pisonis
492 2740 525 2800 et
539 2736 639 2802 Asinii
655 2738 738 2804 Galli
761 2754 857 2819 super
879 2754 916 2801 eo
941 2734 1069 2817 negotio
1091 2732 1235 2799 diversas
1258 2735 1429 2800 sententias

273 2858 413 2909 noscere.
458 2840 543 2924 Piso,
567 2860 759 2925 quamquam
781 2842 944 2909 afuturum
971 2859 1006 2907 se
1029 2841 1153 2906 dixerat
1176 2838 1307 2922 Caesar,
1341 2842 1382 2907 ob
1402 2839 1426 2903 id

256 3035 280 3088 7.
299 3033 379 3088 liber:
399 3033 448 3090 der
459 3035 519 3091 sich
532 3035 672 3105 freimiltig
684 3036 800 3095 iusseri.
852 3032 921 3105 Καρ.
933 3032 977 3092 85.
1001 3031 1167 3106 rebmag
1179 3027 1356 3091 tantuma
1370 3031 1427 3090 Ver·

256 3123 281 3178 8.
303 3120 456 3190 Urgulania
465 3124 537 3179 noch
544 3124 666 3180 erwtthnt
675 3123 800 3195 1v,21f.,
1050 3117 1239 3192 heudluugeu.

221 3214 298 3264 soust
316 3209 392 3266 nicht
410 3211 541 3267 bekannt.
891 3214 914 3268 Ι.
933 3225 976 3265 rec
989 3209 1119 3279 proferre
1136 3209 1173 3263 ist
1191 3208 1235 3263 dic
1253 3207 1368 3265 dbliche
1386 3209 1427 3262 Br-

258 3299 299 3356 10.
318 3297 447 3354 abscessit
465 3324 500 3345 ==
518 3300 635 3356 abstitit.
853 3300 1007 3369 aeiehnung
1034 3297 1079 3352 ldr
1108 3297 1151 3352 die
1175 3297 1359 3366 Aassetzuag
1384 3312 1428 3350 von

258 3389 299 3442 12.
319 3385 398 3441 eicite
417 3387 439 3456 1,
457 3391 501 3446 54.
854 3388 1090 3456 Verhendlungen
1113 3387 1150 3440 im
1169 3386 1269 3442 Senatu
1292 3387 1362 3442 oder
1384 3399 1427 3438 vor

257 3479 299 3530 13.
326 3473 471 3544 procedere
506 3475 557 3531 mit
592 3476 707 3532 blolsem
738 3477 800 3533 Abl.
854 3478 967 3533 Gericht
1002 3491 1096 3545 wagan
1131 3474 1242 3542 Feriam,
1279 3471 1427 3544 Festspiele

220 3564 395 3620 dicbteriscb.
853 3583 880 3622 n.
898 3565 953 3634 dgl.
982 3565 1049 3619 Hier
1066 3564 1134 3618 aber
1150 3578 1242 3618 waren
1261 3561 1350 3620 sehon
1369 3563 1426 3617 Ter·

257 3658 297 3712 14.
316 3654 450 3710 militibus
466 3654 519 3724 egl.
539 3654 561 3723 l,
580 3657 596 3709 7
618 3653 694 3708 ratleo
710 3653 742 3708 ire
758 3654 800 3722 fo·
839 3654 926 3708 ⁴mine
954 3659 1106 3721 angeretur,
1137 3651 1192 3706 und
1222 3667 1277 3706 nur
1308 3651 1353 3707 die
1379 3649 1426 3704 Ab

220 3759 289 3810 ram,
308 3744 384 3800 mileo
400 3744 432 3799 ia
444 3744 553 3800 cariam
565 3743 752 3798 comitabatur.
767 3771 797 3782 -
852 3741 1003 3798 wesenbeit
1026 3740 1074 3796 des
1091 3741 1206 3797 Kaisers
1231 3741 1286 3809 gab
1305 3739 1348 3796 die
1367 3740 1427 3792 Ver·

220 3831 385 3900 compositae
403 3849 464 3888 ore:
482 3834 511 3888 in
530 3832 799 3902 rubigerFassung;
853 3831 1005 3900 anlassung
1031 3846 1092 3885 zum
1123 3829 1372 3887 Hinausschieben.
1398 3857 1426 3868 -

221 3919 275 3989 vgl.
293 3920 315 3987 1,
334 3923 350 3976 7
369 3922 446 3976 auita
464 3921 618 3990 composito.
848 3919 971 3989 pretium
1005 3918 1076 3986 soret
1119 3918 1191 3974 ohne
1225 3932 1337 3988 operae,
1381 3917 1425 3974 wie

258 4011 298 4064 15.
324 4013 428 4077 tempere
451 4015 533 4078 atque
558 4010 612 4064 iter
638 4031 670 4055 =
690 4015 800 4078 tempus
853 4009 874 4078 Ι,
893 4009 936 4062 bl.

220 4097 339 4154 itineris.
375 4127 410 4138 -
445 4097 547 4153 doceas
575 4123 610 4143 =
637 4097 800 4167 producens,
889 4099 914 4151 3.
933 4094 1052 4162 dixerat,
1071 4093 1424 4164 derlndikativ,umetvres

220 4188 338 4242 bahana.
854 4184 913 4239 rein
925 4181 1154 4238 Thatsachliches
1172 4199 1223 4238 aus
1242 4183 1305 4239 dem
1318 4181 1421 4238 Bereich

256 4279 300 4335 20.
325 4273 472 4345 adipeam
497 4291 519 4330 a
543 4275 602 4343 int,
629 4275 681 4331 wie
704 4274 738 4329 Κ.
756 4274 801 4343 45,
854 4271 901 4327 des
927 4271 1101 4341 abhangigen
1127 4272 1293 4328 Godanlrens
1319 4273 1422 4326 herens·

221 4363 398 4420 diehteriscb.
853 4360 985 4417 zuhebon.
1021 4359 1101 4415 Denn
1119 4360 1152 4414 ob
1170 4359 1202 4414 id
1219 4360 1274 4417 soll
1292 4360 1365 4416 nicht
1380 4355 1424 4412 ael
