2972 4824
213 237 253 299 52
674 243 758 304 Liber
777 245 799 301 Ι.
830 244 894 315 Gap.
914 249 957 302 47.

264 390 406 470 inermia,
441 389 640 456 cunctatione
668 387 741 456 ficta
773 385 964 468 ludificetur,
999 389 1149 457 dissideat
1178 392 1315 460 interim
1350 399 1450 464 miles

228 515 365 579 5neque
388 496 522 560 duorum
550 491 795 562 adulescentium
826 492 966 562 nondum
990 494 1102 561 adulta
1124 499 1329 567 auctoritate
1357 523 1450 568 conr·

262 603 357 686 primi
379 606 483 683 queat.
528 601 574 666 ire
596 601 699 683 ipsum
722 607 756 667 et
778 617 940 685 opponere
964 601 1162 668 maiestatem
1185 605 1447 687 imperatoriam

263 709 410 777 debuisse
433 707 578 788 cessuris,
609 706 663 771 ubi
686 707 859 790 principem
882 707 977 789 longo
1006 709 1202 789 experientia
1225 713 1447 796 eundemque

260 814 439 883 severitatis
469 817 502 879 et
529 810 760 878 munificentiae
790 832 946 879 summum
969 813 1131 884 vidissent.
1178 817 1443 900 ardagastum

261 923 344 990 fessa
366 923 472 988 aetate
493 919 609 985 totiens
632 919 663 984 in
681 918 867 985 Germanias
891 938 1066 987 commeare
1081 924 1237 1004 potuisse:
1261 923 1443 991 Tiberium

205 1052 242 1127 χι
260 1029 418 1112 vigentem
447 1027 537 1092 annis
568 1025 680 1092 sedere
710 1025 742 1090 in
765 1030 888 1105 senatu,
921 1025 1018 1091 verba
1041 1032 1170 1110 patrum
1193 1031 1444 1099 cavillantem?

254 1136 336 1224 satis
351 1137 553 1217 prospectum
570 1135 710 1202 urbanae
725 1132 887 1204 servituti:
904 1131 1094 1199 militaribus
1110 1135 1223 1201 animis
1239 1138 1440 1206 adhibenda

255 1227 401 1339 pompa,
428 1245 463 1321 p:
486 1237 568 1304 ferre
591 1257 699 1323 pacem
723 1244 829 1312 velint.

344 1371 396 1432 47.
420 1360 576 1428 inmotum
598 1349 751 1422 adversus
774 1370 828 1419 eos
852 1372 1012 1422 sermones
1035 1345 1196 1430 fixumque
1211 1349 1344 1416 Tiberlo
1370 1351 1436 1420 fnit

256 1492 318 1540 non
341 1471 487 1537 omittere
509 1469 604 1547 caput
619 1479 725 1528 rerum
747 1477 847 1542 neque
871 1479 1049 1544 senemque
1070 1453 1232 1542 publicam
1254 1457 1286 1520 in
1311 1476 1433 1524 casum

256 1579 343 1645 dare.
388 1573 489 1640 multa
512 1571 627 1654 quippe
649 1570 681 1635 et
704 1569 829 1634 diversa
851 1567 1032 1650 angebant:
1056 1566 1190 1633 validior
1213 1580 1270 1647 per
1287 1561 1432 1631 Germa·
1478 1647 1479 1658 2

256 1686 340 1751 niam
356 1679 520 1759 exercitus,
545 1677 674 1761 propior
697 1675 782 1758 apud
798 1673 1008 1752 Pannoniam;
1033 1671 1086 1739 ille
1104 1673 1279 1740 Galliarum
1304 1672 1430 1756 opinus
1478 1711 1479 1720 ,

221 1813 237 1866 5
256 1791 415 1868 subnixus
447 1786 498 1852 hic
520 1783 632 1850 Italiae
655 1783 827 1847 inminens:
859 1797 938 1860 quos
961 1779 1060 1862 igitur
1083 1778 1280 1846 anteferret?
1314 1801 1359 1848 ac
1383 1799 1429 1848 ne

255 1893 422 1981 postpositi
444 1889 633 1958 contumelia
651 1887 906 1954 incenderentur.
953 1889 986 1949 at
1009 1905 1066 1967 per
1087 1885 1169 1951 filios
1191 1887 1313 1968 pariter
1339 1889 1426 1954 adiri

255 2002 419 2069 maiestate
434 1999 532 2078 salva,
557 1999 608 2064 cui
630 1997 730 2062 maior
753 2013 770 2059 e
793 1992 963 2074 longinquo
987 1993 1173 2059 reverentia.
1221 1991 1314 2056 simul
1340 1994 1425 2058 adu·

254 2107 446 2176 lescentibus
469 2109 651 2171 excusatum
674 2101 830 2184 quaedam
853 2098 894 2163 ad
917 2103 1041 2179 patrem
1063 2097 1190 2177 reicere,
1222 2098 1425 2164 resistentis·

255 2233 316 2297 que
332 2211 519 2280 Germanico
535 2213 591 2274 aut
607 2209 710 2274 Druso
726 2223 818 2290 posse
841 2223 861 2270 a
884 2222 918 2270 se
934 2203 1075 2286 mitigari
1098 2203 1149 2268 vel
1164 2201 1308 2286 infringi:
1332 2206 1423 2286 quod

204 2341 237 2393 10
255 2320 340 2388 aliud
363 2315 548 2394 subsidium,
579 2314 606 2380 si
628 2315 851 2397 imperatorem
875 2308 1094 2392 sprevissent?
1128 2313 1268 2374 ceterum
1292 2315 1329 2374 ut
1355 2314 1421 2376 iam

202 2443 517 2462 W

203 2507 274 2554 etwa
286 2493 425 2550 Hauien
443 2494 510 2549 oder
521 2489 599 2545 Teile
618 2488 665 2546 des
677 2488 780 2544 Staats·
869 2489 895 2540 2.
913 2489 996 2552 capot
1008 2498 1115 2538 rerum:
1134 2483 1212 2540 Rom.
1227 2513 1257 2522 -
1278 2484 1311 2537 ia
1323 2499 1421 2539 casam

202 2586 319 2654 kbrpers
338 2582 399 2651 (rgl.
417 2581 450 2636 K.
471 2581 485 2634 7
510 2584 623 2634 senatos
640 2577 716 2632 miles
731 2591 780 2644 pc·
833 2573 901 2628 dare
919 2595 951 2618 =
972 2572 1096 2628 fortunae
1115 2574 1294 2629 committere.
1477 2615 1478 2640 ,

196 2670 306 2744 potua).
869 2664 893 2716 3.
913 2661 1013 2730 quippe
1030 2661 1223 2729 naehgestellt,
1243 2661 1293 2715 wie
1313 2663 1419 2728 Agr.3

237 2782 263 2838 4.
281 2773 533 2841 matermortua
550 2769 705 2836 recepero
726 2769 781 2838 sgr.
833 2753 904 2806 ¹1·0·
925 2777 960 2810 .-
986 2765 1037 2817 rer
1056 2789 1085 2805 ··
1107 2749 1186 2818 apua
1213 2748 1341 2804 Vorliebe
1372 2749 1418 2803 fur

201 2868 235 2923 Κ.
251 2873 293 2923 11.
312 2893 347 2908 ·-
365 2861 497 2918 dissidere
515 2861 563 2916 wie
581 2858 615 2913 ΙΙ.
628 2861 661 2914 16
678 2858 780 2912 ducor·
832 2835 1042 2905 AbW⁰⁰h⁸lU1¹8·

202 2956 269 3011 dm
286 2970 340 3009 Νη
358 2951 536 3008 Memorem
869 2927 895 2979 o.
913 2940 981 2992 pace
1000 2933 1134 2992 statmo,
1154 2924 1357 2979 einzelnsehon
1372 2925 1416 2978 bei

238 3065 262 3117 7.
285 3059 334 3114 ubi
359 3057 431 3114 beim
452 3056 528 3112 Part
547 3055 610 3110 Fut.
631 3053 704 3122 nlrt,
730 3054 781 3108 wie
833 3011 1246 3168 ffiffirrffrica-wracspdiegnt
1259 3012 1417 3155 {magidi

201 3147 236 3208 Κ·
258 3151 289 3202 ¹⁷
307 3147 339 3201 θ’·
539 3252 544 3264 Ι
835 3187 1013 3243 drdokliehen
1032 3187 1207 3255 nintnnrung
1230 3189 1305 3244 eines
1324 3203 1413 3244 neuen

238 3255 263 3311 8.
280 3267 419 3318 scammum,
439 3251 500 3308 dem
518 3250 561 3306 dre
579 3250 696 3305 hoohste
713 3247 780 3303 Ent-
834 3277 987 3332 Momm,
1018 3273 1067 3331 der
1094 3275 1207 3331 pamm,
1244 3276 1310 3330 Man
1338 3276 1413 3331 kann

201 3339 351 3410 ⁸⁰h⁰id¹¹¹¹ss
367 3341 436 3396 mm
454 3347 539 3395 ΒΜ
558 3338 677 3393 mmm·
832 3370 978 3434 argaman:
995 3378 1028 3417 ac
1040 3364 1064 3418 si
1076 3363 1239 3418 alterutrum
1248 3363 1413 3432 praeferret,

237 3448 262 3502 9.
279 3445 352 3514 fraso
369 3449 458 3498 octote
480 3444 524 3498 bei
542 3443 606 3500 Tac.
625 3441 698 3498 oster
718 3441 778 3510 (ΙΙΙ,
831 3452 951 3522 angebat
968 3467 1030 3508 eum
1048 3458 1145 3520 metus,
1162 3467 1203 3507 m,

202 3537 251 3598 593
275 3533 350 3600 XIV,
368 3533 415 3602 533
442 3531 501 3600 XV,
520 3532 566 3600 38)
599 3536 670 3586 Μ
690 3530 779 3599 1⁴⁶⁸&ss
867 3544 892 3596 Ι.
911 3539 957 3595 croi
970 3579 993 3596 ..
1007 3539 1156 3594 revocatio
1166 3539 1245 3595 relat.
1256 3539 1411 3596 Nebensata

204 3629 307 3678 aetate:
326 3620 551 3692 ,alterschwach‘.
833 3629 907 3684 einer
925 3644 963 3684 or.
982 3627 1033 3683 obl.
1054 3627 1124 3682 ohne
1142 3633 1219 3694 esset,
1245 3629 1294 3684 wie
1313 3628 1360 3698 lV,
1380 3631 1412 3684 39

238 3731 280 3787 12,
301 3742 407 3796 pacm,
436 3727 484 3782 (101-
507 3725 588 3781 keine
611 3726 698 3781 Beate
721 3724 778 3778 ein-
832 3715 906 3785 qood
936 3715 1156 3784 pulcherrimam,
1192 3715 1329 3784 adeptum.
1378 3720 1411 3772 48
1476 3777 1477 3796 ¹

203 3816 313 3872 brachas
340 3815 406 3884 (rgl.
425 3814 460 3870 K.
480 3817 513 3869 17
537 3813 654 3868 rtcrdem
672 3809 780 3882 paean)
832 3821 938 3874 omont,
956 3804 987 3856 ta
1004 3820 1058 3874 qao
1074 3804 1106 3857 id
1123 3803 1269 3870 ddubraro,
1294 3805 1411 3859 cerebra
1476 3803 1477 3808 ’

201 3903 258 3960 und
303 3902 387 3958 leicht
429 3919 464 3958 au
499 3900 780 3972 Auageinssenheiten
832 3892 936 3960 XV‚55
955 3907 1024 3960 qm
1035 3891 1338 3960 vameaopublicao
1350 3907 1413 3948 eoae.

199 3991 303 4050 mmo,
868 3983 894 4035 8.
913 3985 1088 4034 excusatum:
1114 3980 1412 4048 gerecthertigt.

833 4068 894 4138 Vgl.
916 4069 967 4138 111,
985 4071 1020 4124 68
1048 4084 1102 4136 quo
1126 4070 1284 4123 accuratius
1310 4070 1412 4137 nempe-

236 4169 283 4240 41,
303 4171 327 4224 1.
357 4166 487 4220 amotam
510 4205 538 4222 ..
563 4163 701 4233 ficumque
730 4162 780 4217 wia
833 4161 939 4215 reatrrr.

201 4257 283 4327 Verg.
301 4257 336 4314 Δ.
354 4253 402 4326 IV,
423 4253 498 4310 lori
521 4254 588 4308 mihi
609 4268 665 4308 non
691 4251 780 4308 auimo
870 4251 911 4302 10.
930 4251 960 4300 aa
979 4247 1028 4300 mit
1042 4244 1101 4300 dem
1115 4245 1190 4300 Part
1204 4245 1277 4312 Fut,
1297 4245 1348 4300 wie
1362 4237 1412 4314 ὠς,

198 4346 285 4414 hura
302 4344 485 4412 immoque
504 4341 622 4398 sederet.
832 4333 919 4390 findet
938 4333 998 4390 sich
1016 4339 1073 4388 eret
1091 4333 1144 4388 seit
1161 4333 1264 4388 Livius.
