3002 4828
212 235 276 296 128
654 209 755 300 'siser
773 245 809 298 11.
837 245 902 314 cap.
922 247 964 299 aa.

262 389 402 457 iubebat.
447 389 630 454 laetabatur
658 388 814 468 Tiberius,
845 407 914 452 cum
946 388 1030 452 inter
1061 385 1142 451 filios
1174 386 1240 451 eius
1274 393 1306 451 et
1336 385 1428 468 leges

263 500 394 560 senatus
410 495 612 575 disceptaret.
659 495 744 560 victa
767 500 818 558 est
840 495 907 558 sine
924 492 1020 557 dubio
1043 492 1102 569 ler,
1128 492 1185 558 sed
1200 509 1300 573 neque
1316 492 1426 555 statim

264 607 298 665 et
318 601 428 682 paucis
451 598 620 682 suffragiis,
643 618 707 681 quo
730 599 823 664 modo
847 600 945 663 etiam
969 617 1039 663 eum
1054 597 1198 663 valerent
1219 598 1305 679 leges
1322 597 1426 661 vince-

263 707 388 771 bantur.

352 816 403 878 52.
429 810 548 876 Eodem
571 829 654 875 anno
677 816 826 892 coeptum
850 811 883 875 in
904 809 1010 876 Africa
1033 809 1161 887 bellum,
1185 810 1264 874 duce
1287 809 1428 874 hostium

263 917 471 982 Tacfarinate.
517 920 543 982 is
567 918 698 982 natione
720 917 865 996 Numida,
889 918 922 980 in
946 918 1060 982 castris
1083 917 1234 982 Romanis
1257 915 1429 980 auxiliaria

262 1024 422 1106 stipendia
445 1024 585 1102 meritus,
618 1042 690 1088 mox
715 1023 868 1101 desertor,
901 1041 1001 1104 vagos
1033 1024 1170 1104 primum
1197 1028 1230 1086 et
1252 1021 1429 1086 latrociniis

262 1137 369 1194 suetos
398 1130 439 1195 ad
462 1130 612 1210 praedam
642 1136 675 1193 et
698 1136 812 1210 raptus
844 1147 1048 1211 congregare,
1081 1129 1152 1192 dein
1180 1146 1267 1192 more
1295 1126 1432 1192 militiae

228 1255 319 1317 5per
334 1235 447 1300 vexilla
470 1243 503 1300 et
525 1244 648 1300 turmas
665 1254 862 1317 componere,
887 1246 1047 1316 postremo
1071 1253 1133 1300 non
1156 1234 1336 1300 inconditae
1359 1237 1432 1296 tur-

262 1343 321 1407 bae
345 1342 401 1406 sed
425 1341 684 1406 Musulamiorum
714 1341 777 1406 dux
798 1341 918 1405 haberi.
963 1342 1069 1405 valida
1092 1358 1129 1404 ea
1160 1358 1237 1421 gens
1261 1344 1293 1402 et
1315 1337 1431 1403 solitu-

263 1448 387 1513 dinibus
405 1447 529 1512 Africae
552 1449 737 1530 propinqua,
761 1447 848 1511 nullo
865 1449 961 1512 etiam
985 1456 1052 1511 tum
1074 1446 1199 1510 urbium
1222 1445 1317 1523 cultu
1343 1444 1434 1524 cepit

262 1573 352 1618 arma
368 1553 559 1634 Maurosque
576 1553 702 1618 accolas
725 1553 758 1616 in
773 1553 892 1618 bellum
907 1553 1021 1616 traxit:
1046 1553 1108 1617 dux
1131 1557 1163 1616 et
1185 1551 1242 1630 his,
1267 1550 1433 1632 Mazippa.

263 1660 444 1740 divisusque
475 1659 642 1738 exercitus,
674 1666 711 1723 ut
734 1657 921 1724 Tacfarinas
952 1659 1051 1724 lectos
1078 1659 1163 1723 viros
1194 1662 1226 1722 et
1247 1657 1433 1721 Romanum

210 1788 244 1839 10
261 1766 295 1830 in
322 1765 450 1830 modum
485 1770 624 1834 armatos
659 1766 772 1829 castris
805 1767 966 1840 attineret,
1003 1763 1188 1844 disciplinae
1224 1768 1257 1826 et
1286 1763 1435 1843 imperiis

262 1879 432 1949 suesceret,
457 1870 604 1953 Mazippa
619 1869 681 1934 levi
704 1889 777 1935 cum
801 1871 892 1951 copia
907 1870 1054 1934 incendia
1077 1874 1110 1933 et
1133 1869 1244 1934 caedes
1268 1873 1300 1932 et
1322 1873 1432 1932 terro-

261 1995 329 2040 rem
352 1975 577 2042 circumferret.
625 1976 895 2057 conpulerantque
918 1973 1083 2055 Cinithios,
1107 1974 1194 2038 haud
1216 1973 1433 2054 spernendam

261 2083 429 2162 nationem,
454 2084 486 2146 in
510 2083 629 2162 eadem,
663 2101 734 2148 cum
757 2083 871 2147 Furius
896 2080 1048 2147 Camillus
1070 2099 1127 2162 pro
1151 2080 1277 2145 consule
1300 2077 1435 2144 Africae

260 2189 417 2270 legionem
445 2195 479 2253 et
501 2189 586 2270 quod
616 2188 675 2253 snb
699 2189 798 2270 siguis
827 2190 983 2254 sociorum
1012 2189 1044 2252 in
1068 2206 1165 2251 unum
1188 2187 1363 2253 conductos
1387 2185 1434 2248 ad

208 2313 242 2364 15
261 2293 383 2359 hostem
415 2295 512 2373 duxit,
545 2294 700 2359 modicam
732 2312 868 2374 menum,
901 2294 928 2357 si
958 2293 1192 2357 multitudinem
1216 2290 1433 2354 Numidarum

261 2404 356 2479 atque
380 2399 564 2465 Maurorum
588 2405 768 2481 spectares3
799 2399 855 2464 sed
884 2399 963 2463 nihil
993 2385 1094 2479 aeque
1127 2398 1299 2463 cavebatur
1329 2414 1434 2478 quam

207 2676 333 2744 grdlsere
358 2677 429 2732 Zahl
454 2678 559 2732 Kinder
585 2678 670 2748 hatte,
694 2694 790 2747 vorge·
881 2681 921 2732 13.
936 2692 992 2746 pro
1006 2677 1115 2731 consule
1128 2677 1246 2744 Africae
1264 2677 1311 2731 wie
1325 2677 1384 2745 ΙΙΙ,
1398 2680 1433 2732 38

206 2780 293 2833 zogen
311 2765 420 2819 werden
440 2766 528 2820 sollte.
817 2819 821 2828 ,
841 2771 893 2833 pro
911 2766 1018 2819 comate
1038 2764 1148 2832 (Μαι,
1171 2766 1219 2836 IV,
1240 2768 1273 2819 13
1288 2780 1347 2833 pro
1370 2781 1435 2820 con-

243 2857 267 2909 7.
287 2853 346 2908 aiae
365 2853 464 2907 dubio.-
483 2853 702 2922 allerdings3
730 2855 753 2922 I,
772 2855 788 2907 6
842 2854 901 2906 eale
919 2853 1059 2907 ulterioris
1079 2851 1256 2920 Hispaniae;
1273 2853 1327 2920 vgl.
1342 2853 1383 2908 Κ.
1398 2856 1434 2908 66

206 2941 262 2996 und
283 2945 323 2996 10.
836 2957 892 3009 pro
906 2945 1036 3009 praetore
1054 2940 1185 2995 Moesiae.

206 3099 276 3171 Καρ.
294 3099 336 3157 52.
362 3096 520 3156 Maolarluas
538 3098 596 3157 und
614 3099 789 3171 Manippala
879 3085 919 3136 14·
940 3082 1013 3150 qood
1031 3122 1037 3136 .
1052 3125 1059 3139 .
1077 3082 1231 3147 sociorum·
1244 3098 1294 3135 zur
1310 3080 1435 3138 Kaisar-

274 3186 367 3245 Africa.
384 3201 438 3245 von
457 3186 589 3246 omium
606 3188 723 3260 baim,
842 3170 1439 3238 zeitgehdrtenauchdieBundesgenossen

841 3277 904 3314 zum
929 3259 1082 3315 stchenden
1109 3259 1215 3328 Heere;
1244 3259 1296 3326 die,
1323 3261 1438 3315 welche

841 3348 891 3401 aab
922 3347 1012 3416 siparia
1042 3363 1141 3416 waren,
1173 3346 1237 3401 sind
1265 3363 1301 3400 au
1335 3355 1437 3404 unter-

842 3436 971 3491 scheiden
990 3454 1043 3490 von
1057 3436 1110 3490 den
1129 3434 1320 3488 tumultuariis
1343 3443 1437 3490 cater-

841 3525 882 3578 uis
901 3525 935 3592 (1,
955 3527 1003 3594 56)
1027 3525 1094 3579 oder
1113 3523 1173 3577 dem
1197 3540 1246 3577 aur
1264 3523 1331 3576 Zeit
1354 3527 1440 3580 einer

841 3613 1011 3680 Bcdrangnis
1024 3613 1235 3680 ausgehobenen
1243 3611 1439 3670 Landsturm.

842 3729 876 3740 -
895 3701 1042 3755 conductos
1060 3701 1110 3754 hat
1129 3699 1189 3754 sich
1206 3701 1235 3753 in
1255 3699 1440 3758 Geschlecht

841 3789 1442 3846 undZahlnachdemzunachststehenden

841 3877 957 3932 Genetir
966 3878 1099 3930 sociorum
1112 3877 1256 3944 gerichtet,
1270 3876 1323 3930 wie
1334 3879 1392 3950 IV,
1403 3882 1442 3934 62

205 3913 331 3978 (anrez),
352 3911 585 3967 Grenznachbarn
604 3929 656 3966 von
676 3915 786 3969 Maure·
846 3966 851 3977 ,
1045 3966 1049 3976 ,
1200 3964 1205 3974 .

205 4001 307 4055 ΜΘΗ.
839 3981 998 4018 immensam
1021 3982 1076 4020 uam
1094 3965 1252 4019 mortaleum
1271 3971 1446 4032 spectaculo

242 4092 284 4145 10.
303 4087 421 4140 attinere
433 4087 695 4154 hier=ooate⁸aerc;
713 4087 786 4143 diter
839 4053 966 4108 mmm

206 4181 273 4230 statt
291 4173 415 4228 retinere.
878 4180 917 4232 16.
943 4177 1012 4230 attat
1037 4193 1119 4246 aeque
1146 4193 1229 4245 quam
1255 4177 1290 4246 (Ι,
1316 4181 1372 4246 41)
1409 4199 1449 4236 rra

243 4265 284 4317 12.
305 4261 439 4316 Giaitba'os
456 4278 492 4316 an
511 4262 560 4318 der
573 4263 683 4318 kleinen
697 4264 785 4334 Syrte.
839 4265 910 4319 auch
928 4265 962 4322 Κ.
982 4268 1025 4320 60.

242 3296 268 3350 4.
287 3297 379 3346 suetos
402 3293 455 3360 vgl.
475 3294 507 3346 K.
527 3297 570 3350 44.
597 3325 629 3332 —
652 3295 788 3363 praedam

206 3385 232 3437 ct
259 3385 374 3448 raptas:
411 3381 510 3435 Bente-
538 3382 594 3435 und
622 3383 787 3450 Raubzdge3

205 3469 258 3538 vgl.
279 3469 368 3523 Germ.
389 3470 423 3521 14
441 3468 509 3522 bella
527 3475 552 3524 et
570 3476 677 3538 raptus.

242 3561 266 3611 6.
285 3573 339 3624 per
363 3558 412 3612 wie
431 3557 464 3611 K.
484 3561 527 3612 45.
551 3588 585 3598 -
613 3560 788 3615 iacoaditac:

205 3646 434 3714 undisziphniert.

241 3736 265 3787 6.
294 3733 461 3787 Musulamii
491 3735 597 3789 siidlich
628 3753 682 3791 von
712 3736 788 3790 Cirta

205 3822 407 3891 (Constantine)
449 3839 493 3876 am
536 3825 654 3892 Gebirge
693 3825 786 3880 Andos
