2972 4824
214 243 257 307 44
678 253 996 324 mmmm·

267 401 372 464 tontes
385 397 539 464 vexillarii
562 396 754 464 discordium
775 397 935 482 legionum
958 402 991 466 et
1005 399 1166 482 praesenti
1187 400 1330 468 duorum
1354 398 1442 464 mili-

266 509 333 570 tum
363 505 515 588 supplicio
546 501 675 587 paulum
702 506 838 588 repressi
864 509 949 572 sunt.
994 507 1133 572 iusserat
1158 506 1194 572 id
1220 506 1276 572 Μ’.
1304 505 1440 572 Ennius

266 616 444 678 castrorum
461 609 652 694 praefectus,
675 612 758 678 bono
781 611 883 694 magis
899 611 1040 694 exemplo
1062 630 1158 693 quam
1173 630 1330 679 concesso
1354 611 1441 678 iure.

230 717 380 790 odsinde
401 717 633 784 intumescente
655 720 743 782 motu
764 715 918 800 profugus
941 722 1158 802 repertusque,
1187 721 1367 801 postquam
1389 717 1441 782 in·

264 828 355 889 tutae
369 821 521 904 latebrae,
537 821 730 906 praesidium
746 821 787 888 ab
801 822 935 890 audacia
949 827 1132 890 mutuatur:
1149 841 1212 891 nou
1226 821 1440 906 praefectum

264 929 305 996 ab
337 928 386 1010 iis,
421 927 477 994 sed
508 927 731 996 Germanicum
760 927 884 1010 ducem,
919 929 975 996 sed
1006 928 1168 996 Tiberium
1200 930 1438 1011 imperatorem

265 1034 385 1102 violari.
430 1033 525 1101 simul
550 1034 710 1101 exterritis
739 1033 794 1118 qui
823 1034 1024 1117 obstiterant,
1054 1039 1178 1118 raptum
1200 1033 1359 1101 vexillum
1391 1034 1437 1100 ad

265 1141 367 1224 ripam
388 1140 495 1223 vertit,
517 1147 551 1207 et
573 1141 601 1206 si
623 1140 695 1222 quis
717 1139 841 1222 agmine
864 1140 1062 1223 decessisset,
1085 1159 1145 1224 pro
1168 1142 1339 1208 desertore
1366 1139 1437 1207 lore

214 1245 441 1328 melaniam,
464 1246 589 1314 reduxit
610 1247 643 1312 in
664 1246 797 1314 hiberna
818 1246 965 1314 turbidos
988 1251 1022 1314 et
1043 1247 1123 1314 nihil
1144 1265 1249 1315 ausos.
1473 1319 1474 1322 ,

352 1358 405 1422 39.
433 1354 562 1420 Interea
588 1353 687 1436 legati
714 1352 755 1420 ab
783 1357 897 1420 senatu
923 1371 1104 1437 regressum
1134 1354 1198 1420 ism
1226 1353 1311 1436 apud
1339 1371 1436 1419 aram

264 1458 418 1526 Ubiorum
439 1458 661 1527 Germanicum
684 1459 813 1528 adeunt.
858 1460 940 1527 duae
962 1459 1007 1526 ibi
1028 1460 1179 1544 legiones,
1202 1459 1307 1543 prima
1331 1465 1436 1542 atque

262 1565 449 1648 vicensima,
488 1566 692 1648 veteranique
725 1583 826 1649 nuper
866 1565 954 1634 missi
987 1567 1046 1632 sub
1080 1566 1194 1633 vexillo
1230 1565 1434 1632 hiemabant.

263 1671 396 1756 pavidos
419 1675 452 1737 et
472 1670 666 1739 conscientia
687 1671 858 1738 vaecordes
881 1672 981 1738 intrat
1004 1675 1119 1753 metus,
1149 1670 1274 1738 venisse
1296 1677 1432 1754 patrum

229 1779 353 1850 siussu
386 1777 440 1860 qui
473 1777 569 1844 inrita
601 1776 743 1844 iacerent
776 1795 859 1860 quae
891 1795 950 1860 per
979 1776 1166 1844 seditionem
1194 1783 1432 1860 expresserant

263 1889 361 1972 utque
382 1901 450 1952 mos
472 1883 567 1967 vvdgo
589 1884 733 1966 quamvis
754 1882 843 1950 falsis
865 1901 952 1950 reum
968 1883 1114 1966 subdere,
1136 1883 1317 1950 Munatium
1331 1884 1432 1954 Plan-

264 2009 333 2056 cum
356 1989 522 2058 consulatu
543 1987 695 2072 lunctum,
718 1990 893 2074 prinoipem
907 1988 1086 2072 legationis,
1110 1993 1272 2056 auctorem
1294 1995 1431 2057 senatus

263 2095 400 2164 consulti
420 2095 584 2176 incusant3
606 2100 640 2163 et
662 2102 756 2162 nocte
776 2096 930 2162 concubia
952 2094 1099 2161 vexillum
1121 2097 1154 2162 ln
1177 2095 1271 2162 domo
1294 2096 1429 2162 Germa-
1474 2187 1475 2190 Ἴ

262 2203 326 2270 nici
356 2202 453 2269 situm
476 2200 621 2287 flagitare
652 2202 821 2286 occipiunt,
856 2219 1074 2284 concursuque
1103 2202 1146 2269 ad
1176 2202 1308 2270 ianuam
1339 2201 1428 2270 facto
1474 2191 1475 2274 l

245 2399 271 2454 2.
288 2395 788 2465 wadiarit:Abtailongon;ruK.1'l.
840 2395 1022 2465 asuparlora
1039 2395 1164 2451 exercitu
1188 2395 1223 2451 K.
1241 2397 1285 2454 87.
1309 2423 1346 2436 -
1377 2411 1429 2450 ara

210 2482 788 2553 -ds'scorsraclrtlhrerisebmeuterlsom
845 2482 975 2538 Ubiorum
992 2483 1073 2539 stand
1084 2484 1113 2540 in
1125 2483 1187 2540 dam
1199 2483 1292 2553 Lagei·
1309 2484 1365 2540 aus
1381 2484 1429 2542 der

208 2575 246 2646 11,
263 2575 311 2644 563
329 2575 380 2642 111,
396 2577 431 2630 38
449 2591 475 2630 ιι.
488 2579 513 2630 ὁ.
532 2605 567 2614 -
579 2587 715 2644 proaem
724 2588 789 2641 sup-
842 2571 1161 2642 Altaburgslldliclrvon
1172 2571 1255 2641 Kdln,
1273 2587 1429 2644 verwegen

203 2661 320 2732 pltciom
337 2661 390 2732 vgl.
404 2662 537 2719 sermm
549 2676 644 2732 perrea
650 2677 789 2731 praecem.
841 2659 914 2716 auch
941 2660 991 2717 das
1014 2660 1107 2730 hager
1137 2661 1226 2718 solbat
1256 2662 1306 2716 mit
1333 2661 1428 2731 jerem

243 2755 270 2808 4.
289 2752 359 2807 borao
378 2791 405 2808 ..
423 2751 498 2806 iare:
515 2748 645 2807 vodurclr
663 2766 694 2807 er
712 2750 790 2807 mehr
841 2748 949 2807 Namen
967 2750 1128 2806 barsichnet
1139 2749 1239 2806 vaurde.
1275 2749 1317 2805 Es
1333 2751 1428 2821 logan
1475 2791 1476 2828 ,

208 2843 253 2898 sin
271 2846 349 2910 getas
369 2840 488 2910 Beisplol
512 2841 573 2907 (aur
591 2839 790 2909 Naehahmung
841 2839 920 2895 siner
936 2838 1008 2894 naha
1019 2853 1064 2894 am
1073 2838 1164 2894 Rheiu
1176 2838 1427 2896 hinaultulrrenden
1475 2829 1476 2834 ’

209 2929 420 2987 odarauobaur
428 2927 660 2997 Warnunglgab,
674 2926 716 2981 als
728 2926 789 2982 dass
842 2925 1066 2995 Milittmtralss‚
1107 2927 1239 2983 vahand
1274 2930 1427 2998 Agrippina

209 3034 240 3074 es
265 3017 322 3074 ihm
345 3015 481 3074 roohtlich
504 3021 637 3085 geststtet
661 3029 727 3083 war,
754 3014 790 3070 da
842 3015 929 3070 selbst
952 3014 1004 3071 dan
1022 3014 1159 3084 lagarort
1182 3014 1229 3071 fur
1246 3017 1328 3073 einen
1346 3019 1426 3074 mehr

209 3120 260 3162 nur
276 3106 326 3162 der
344 3107 434 3176 Legat
451 3105 537 3162 selbst
556 3102 790 3161 disTodesstraie
843 3102 969 3158 vortlich
1031 3103 1181 3172 gelegenen
1235 3104 1425 3164 strassenarm

209 3181 366 3264 verhtngen
396 3187 495 3251 ducite.
525 3223 559 3235 -
596 3207 737 3250 cocceam
754 3217 789 3240 ε
843 3190 954 3248 bildste.

209 3282 316 3353 licitum
351 3283 405 3352 vgl
432 3283 550 3350 x111,2
577 3281 633 3337 und
659 3281 735 3350 XIV,
753 3285 786 3336 21
878 3283 902 3337 d.
927 3280 976 3335 aab
993 3280 1091 3336 amico
1115 3281 1218 3338 nabars
1236 3281 1425 3350 Bastimmung

207 3368 397 3440 emptarum
413 3370 554 3430 messab.
842 3369 891 3426 des
910 3369 1056 3425 Prtdllmts
1082 3385 1133 3425 nur
1151 3371 1180 3426 iu
1197 3370 1360 3442 Beuiahung
1377 3371 1424 3428 aul

244 3461 270 3514 8.
297 3456 336 3512 ad
358 3457 449 3528 ripam
476 3473 514 3518 so.
542 3457 642 3527 Rheni,
669 3473 710 3513 vro
739 3457 788 3513 das
841 3457 964 3513 actuosa·
980 3457 1112 3515 amissi.

209 3546 398 3616 Winterlagar
415 3561 479 3604 var.
876 3549 903 3604 4.
922 3546 1166 3602 coarcteata'onaah
1180 3546 1421 3604 demZusammen·

246 3638 289 3695 10.
317 3634 457 3692 tmbr'doa:
492 3634 790 3702 aufrubrerisclm
841 3634 916 3703 hang
932 3633 1013 3690 mola.
1028 3634 1178 3690 —oeao'sse
1197 3635 1241 3691 dia
1257 3634 1308 3692 der
1319 3637 1423 3692 Furclrt

209 3723 245 3782 K.
261 3726 298 3780 43
319 3741 347 3780 u.
367 3729 392 3780 ὁ.
420 3751 454 3764 -
481 3727 506 3778 rt
524 3740 574 3780 vor
594 3724 666 3780 aaa
688 3727 717 3782 in
741 3725 790 3782 dar
841 3739 902 3779 sum
921 3720 1033 3778 Grunds
1051 3722 1176 3792 liegenda
1194 3723 1325 3781 Ansioht.

210 3812 374 3881 Bodeutung
391 3828 443 3868 von
459 3812 515 3880 aad,
533 3814 584 3870 vie
599 3812 634 3873 K.
647 3816 680 3870 13
697 3819 724 3870 et
740 3813 789 3869 ιιιί·
876 3813 902 3868 6.
919 3825 996 3866 ream
1011 3811 1126 3866 arbaim
1144 3811 1177 3866 K
1194 3814 1221 3881 6,
1241 3816 1282 3867 17.

208 3915 308 3956 norma
348 3888 510 3971 Uberbaupt
538 3899 626 3957 llndet
656 3901 716 3958 sich
745 3903 789 3958 bel
877 3903 902 3957 7.
931 3899 1118 3968 ooamslotus.
1149 3901 1186 3957 im
1209 3901 1235 3958 J.
1255 3903 1290 3956 rs
1314 3917 1341 3957 n.
1361 3902 1422 3960 Chr.

209 3990 275 4047 Tac.
294 3994 321 4044 ct
338 3989 385 4044 bai
401 3989 482 4058 adesi,
499 3989 602 4058 auum,
620 4004 788 4058 comanos,
842 3989 899 4044 Der
917 3988 1020 4044 Zosatr
1046 3987 1208 4044 bezeichnet
1231 3988 1276 4044 dle
1300 3989 1422 4046 sindula-

208 4093 365 4148 aomqum,
391 4093 433 4134 vro
456 4077 501 4134 dis
524 4078 661 4147 Negatlon
685 4079 714 4133 ln
740 4077 789 4133 der
841 4076 935 4133 releba
953 4076 1080 4146 Stellung
1098 4079 1135 4132 im
1154 4077 1245 4133 Sonat

210 4166 547 4235 Regelsinenbesondarn
553 4163 789 4224 Naclrdruckhat.
875 4168 902 4220 8.
918 4170 996 4220 nocte
1013 4165 1145 4220 ooacabia
1163 4166 1234 4221 auch
1246 4166 1313 4224 hist.
1325 4168 1377 4238 ΙΙΙ,
1388 4170 1423 4222 69

244 4255 328 4328 89,Ι.
344 4254 589 4326 kqaltobamota,
608 4253 741 4313 dersnK.
755 4256 789 4308 14
840 4268 894 4309 von
921 4253 971 4310 der
992 4253 1064 4322 Zait,
1094 4271 1136 4310 vro
1163 4269 1226 4310 man
1253 4256 1422 4322 gewohnlich

210 4346 387 4416 Ervthnung
404 4345 559 4415 geschicht.
582 4373 614 4382 -
640 4357 789 4414 regressam
842 4342 966 4398 schlaien
992 4343 1070 4411 ging,
1097 4349 1167 4399 etva
1190 4346 1207 4399 9
1231 4343 1290 4398 Ubr
1315 4344 1419 4400 abendo
