3002 4828
217 235 278 298 104
635 245 719 301 Liber
736 246 772 302 11.
803 245 868 315 (lap.
887 247 929 302 25.
948 247 992 301 26.

266 389 424 456 inauditas
446 388 599 472 volucres,
621 392 764 455 monstra
782 389 887 470 maris,
911 389 1074 473 ambiguas
1095 387 1257 456 hominum
1279 392 1314 454 et
1335 387 1419 454 beln-

266 515 360 562 arum
379 495 504 578 formas,
526 495 597 562 visa
619 495 684 562 sive
708 513 746 562 ex
768 500 857 562 metu
879 495 1010 564 credita

354 607 407 670 25.
432 601 494 668 Sed
509 599 594 667 lama
616 600 728 668 classis
750 602 886 668 amissae
908 605 945 667 nt
960 601 1138 668 Germanos
1161 599 1204 667 ad
1226 619 1313 684 spem
1337 599 1419 681 belli,

264 711 311 774 ita
341 707 510 774 Caesarem
540 707 581 773 ad
616 707 826 774 coercendum
860 709 969 776 erexit.
1015 706 1049 775 Ο.
1082 706 1160 774 Silio
1189 725 1261 774 cum
1290 707 1420 790 triginta

264 815 415 898 peditum,
446 816 548 880 trihus
570 814 712 896 equitum
734 814 861 880 milibus
887 814 935 881 ire
956 815 990 880 in
1014 811 1148 880 Chattos
1170 813 1324 897 imperat;
1353 815 1419 896 ipse

265 920 437 985 maioribus
467 919 565 1000 copiis
592 919 718 985 Marsos
745 919 914 1001 inrumpit,
950 937 1083 1002 qnorum
1113 918 1177 984 dux
1203 917 1420 985 Mallovendus

229 1051 246 1104 5
265 1046 366 1108 nuper
387 1027 421 1091 in
437 1025 627 1091 deditionem
643 1031 792 1109 acceptus
807 1026 984 1108 propinquo
1006 1025 1077 1092 luco
1094 1022 1250 1091 defossam
1265 1025 1421 1092 Varianae

265 1131 399 1214 legionis
426 1129 564 1212 aquilam
594 1131 717 1196 modico
746 1131 904 1212 praesidio
932 1130 1056 1196 servari
1076 1129 1206 1198 indicat.
1251 1130 1347 1197 missa
1368 1150 1420 1197 ex-

264 1238 382 1321 templo
410 1254 522 1302 manus
553 1254 636 1319 quae
667 1236 790 1303 hostem
818 1235 966 1303 afronte
992 1237 1131 1304 eliceret.
1178 1236 1233 1302 alii
1254 1237 1308 1319 qui
1329 1242 1422 1321 terga

264 1343 486 1426 circumgressi
515 1342 715 1408 recluderent
745 1343 892 1423 humum3
924 1349 958 1408 et
985 1344 1129 1424 utrisque
1157 1341 1260 1409 adfuit
1282 1342 1420 1413 fortuna.

264 1468 302 1516 eo
325 1449 500 1532 promptior
523 1447 643 1514 Caesar
668 1449 774 1532 pergit
796 1437 962 1530 introrsus,
987 1449 1167 1532 populetur,
1200 1449 1337 1516 excindit
1358 1469 1421 1516 non

213 1582 246 1632 10
265 1573 377 1621 ausum
405 1553 554 1636 congredi
582 1553 708 1620 hostem
736 1559 802 1636 aut,
835 1555 935 1621 sicubi
958 1556 1132 1636 restiterat,
1164 1556 1273 1621 statim
1294 1555 1420 1638 pulsum

264 1679 323 1727 nec
349 1676 499 1741 umquam
526 1660 638 1742 magis,
670 1665 708 1724 ut
736 1679 775 1726 ex
803 1661 936 1742 captivis
965 1662 1125 1744 cognitum
1154 1665 1212 1742 est,
1243 1665 1419 1744 paventem.

264 1769 379 1851 quippe
400 1766 533 1831 invictos
563 1772 596 1831 et
618 1765 713 1832 nullis
736 1767 862 1834 casibus
891 1766 1086 1849 superabiles
1108 1766 1268 1835 Romanos
1296 1769 1421 1851 praedi-

264 1875 388 1955 cabant,
412 1872 466 1954 qui
488 1871 614 1954 perdita
635 1871 746 1953 classe,
769 1873 894 1939 amissis
917 1873 1023 1956 armis,
1046 1879 1119 1956 post
1141 1878 1303 1940 constrata
1325 1892 1421 1956 equo-

263 1998 334 2046 rum
361 1979 564 2060 virorumque
592 1980 775 2060 corporibus
805 1978 899 2045 litora
921 1980 1032 2044 eadem
1053 1981 1184 2061 virtute,
1212 1981 1282 2062 pan·
1304 1978 1422 2047 ferocia

212 2108 244 2161 15
264 2091 296 2152 et
316 2085 404 2152 velut
426 2084 512 2150 aucti
533 2102 665 2150 numero
687 2085 892 2166 inrupissent.

352 2195 404 2258 26.
439 2189 603 2256 Reductus
633 2191 707 2256 inde
734 2191 767 2255 in
796 2190 931 2256 hiberna
951 2190 1053 2273 miles,
1082 2191 1186 2258 laetus
1213 2191 1309 2258 animi
1334 2192 1421 2275 quod

262 2298 397 2364 adversa
419 2295 515 2361 maris
531 2296 729 2378 expeditione
752 2314 907 2379 prospera
921 2297 1128 2378 pensavisset.
1173 2296 1296 2364 addidit
1318 2299 1421 2364 muni-

262 2402 419 2470 ficentiam
442 2400 569 2483 Caesar,
598 2408 753 2484 quantum
783 2404 853 2484 quis
885 2403 992 2467 damni
1018 2401 1180 2485 professus
1208 2409 1287 2483 erat,
1318 2404 1421 2470 easd-

261 2509 374 2576 vendo.
419 2526 479 2574 nec
495 2507 625 2574 dubium
639 2507 820 2586 habebatur
841 2507 953 2576 labare
968 2508 1075 2575 hostes
1098 2509 1315 2593 petendaeque
1328 2511 1420 2594 pacis

246 2793 288 2846 18.
306 2789 450 2859 ambiguae
469 2789 633 2856 ..'formae.·
657 2788 787 2844 Zwitter·
878 2793 920 2843 12.
938 2788 1053 2844 motator
1070 2789 1119 2845 das
1132 2790 1209 2846 Part.
1228 2792 1256 2846 in
1270 2791 1420 2850 derselben

207 2880 358 2948 gestatem
376 2877 431 2946 vgl.
441 2877 533 2936 Germ.
541 2879 576 2931 46
588 2892 639 2931 ora
651 2877 788 2932 bominum
840 2876 1013 2947 Bedeutung,
1040 2879 1091 2934 wie
1119 2878 1168 2934 das
1197 2879 1331 2938 seltenere
1357 2883 1421 2951 Adj.

206 2969 357 3035 celtasque,
382 2981 500 3034 corporo
517 2971 599 3035 atquc
616 2971 698 3022 ortae
712 2967 787 3034 fero·
840 2967 1015 3035 suparabdce.

206 3073 277 3111 Μ’·
839 3124 907 3198 κιρ.
926 3123 968 3183 aa.
1004 3125 1254 3202 casuarium
1278 3127 1327 3187 aa
1354 3129 1418 3189 aa»

224 3231 292 3304 zap.
310 3228 353 3288 25.
389 3229 464 3302 alge
481 3243 569 3301 gagen
587 3229 633 3287 dle
651 3229 769 3289 dhatten
1061 3215 1194 3274 maninus.

351 3312 357 3323 Χ
400 3314 460 3376 und
475 3317 592 3376 limem
877 3323 901 3375 1.
918 3319 1006 3374 animi
1032 3321 1124 3378 dieser
1144 3323 1212 3379 Gen
1231 3323 1297 3380 sehr
1313 3324 1357 3380 oft
1374 3325 1417 3380 hei

242 3429 267 3480 2.
289 3423 328 3479 ad
349 3423 526 3478 coercendum
553 3440 591 3482 sc.
616 3425 734 3480 hostem.
752 3455 786 3466 -
838 3409 919 3467 relat·
938 3409 1000 3480 Adi·

206 3514 300 3580 Silius,
320 3514 409 3581 Legat
422 3512 470 3566 des
487 3512 571 3568 obern
583 3512 688 3568 Heeres
708 3514 730 3581 l,
743 3517 786 3573 31.
875 3500 900 3550 2·
922 3513 1043 3566 dmm
1066 3523 1101 3543 =
1126 3515 1315 3570 mmmmm,
1346 3503 1415 3559 auch

838 3585 886 3656 IV,
905 3588 953 3648 743
972 3586 1038 3641 hist.
1056 3587 1107 3654 llI,
1126 3590 1170 3647 26.
1188 3590 1255 3657 Agr.
1274 3593 1319 3648 22.

873 3676 898 3729 3.
917 3673 1052 3728 caeoloerc
1070 3675 1121 3730 wie
1139 3676 1161 3745 1,
1180 3679 1222 3733 36.

873 3764 898 3814 4.
916 3776 965 3816 acc
982 3762 1093 3817 dabam
1104 3764 1256 3821 habebatur
1274 3768 1347 3824 wohl
1362 3785 1415 3823 nur

838 3849 1414 3926 vonGermanicusundseinendnhllngern

241 3923 266 3976 8·
285 3919 422 3974 recludere
439 3920 557 3986 humum,
582 3921 633 3976 wie
652 3920 732 3988 Verss·
752 3921 785 3980 G·
837 3923 913 3992 l'lber
938 3937 982 3993 die
1012 3940 1095 4008 irrige
1114 3942 1233 3999 Ansicht
1255 3946 1306 4015 vgl.
1331 3947 1414 4002 Peter

206 4008 242 4076 ΙΙ,
261 4010 313 4062 423
332 4007 409 4062 aeuus
428 4008 586 4066 recluditur·
837 4042 859 4080 r.
880 4027 911 4080 a.
931 4027 980 4095 111,
1000 4030 1059 4083 rae.
1078 4059 1112 4067 -
1130 4029 1226 4086 cacare
1243 4033 1334 4090 borres
1349 4037 1414 4090 aec.

240 4117 266 4172 9.
289 4114 412 4168 eaciodit
430 4115 567 4185 (vertilgt)
585 4115 687 4169 hostem
712 4115 785 4168 auch
838 4130 861 4169 c.
877 4115 925 4169 inf.
942 4117 1015 4171 nach
1032 4119 1182 4186 negiertem
1200 4122 1350 4179 Ausdrnclr
1365 4125 1412 4179 des

204 4202 268 4257 bist
285 4202 320 4272 V,
334 4205 381 4267 16;
400 4203 453 4270 vgl.
471 4218 496 4261 a.
514 4203 621 4271 X11,39
639 4201 785 4271 Sugambri
837 4203 964 4259 Zweifels
989 4206 1137 4263 besonders
1155 4211 1209 4264 seit
1226 4211 1320 4268 Livius
1337 4214 1412 4269 nicht

205 4290 296 4344 excisi.
333 4277 412 4345 (ister
430 4291 480 4344 mit
499 4291 585 4349 sachl.
604 4290 716 4359 Objelct.
837 4293 1056 4360 ungewbhnlich3
1075 4297 1128 4366 vgl.
1148 4297 1182 4352 K.
1201 4302 1236 4353 36
1255 4319 1282 4359 u.
1300 4307 1344 4360 43.

242 3623 267 3674 3.
284 3619 419 3688 dammare
438 3635 461 3674 c.
481 3617 528 3674 inf.
546 3619 615 3674 auch
634 3619 694 3688 XV,
713 3624 756 3678 28.

241 3727 266 3780 5.
286 3725 356 3791 laco,
381 3741 423 3780 no
449 3725 605 3793 uberhaupt
634 3725 677 3780 die
703 3725 784 3782 Feld·

205 3813 320 3868 zeichen
338 3812 509 3868 aufbewahrt
520 3813 640 3871 wurden.
659 3814 750 3870 Germ.
759 3820 784 3871 7.
