2972 4824
547 239 630 300 Liber
646 244 668 300 1.
695 245 762 316 (lap.
781 248 823 304 17.

63 390 188 472 lingua
210 394 242 456 et
256 389 390 456 miscere
412 392 520 454 coetus
543 387 723 455 histrionali
744 387 851 453 studio
868 388 989 454 doctus.
1034 385 1062 451 is
1084 386 1237 468 inperitos

64 497 199 562 animos
222 500 255 563 et
269 514 426 578 quaenam
448 498 520 577 post
535 494 712 578 Augustum
736 493 869 559 militiae
884 493 1026 560 condicio
1042 492 1238 574 ambigentes

63 600 229 682 inpellere
256 600 407 681 paulatim
438 600 601 689 nocturnis
630 598 802 680 conloquiis
830 601 887 663 aut
909 595 989 664 flexo
1019 598 1051 662 in
1074 597 1238 680 vesp'eram

66 705 129 770 die
155 709 187 770 ct
209 703 340 787 dilapsis
362 701 546 768 melioribus
570 702 777 769 deterrimum
799 720 956 784 quemque
979 719 1182 784 congregare.

172 816 219 876 17.
254 810 419 876 Postremo
448 810 601 891 promptis
636 809 699 875 iam
730 814 762 875 et
791 808 862 874 aliis
893 807 1057 874 seditionis
1087 808 1240 874 ministris

64 916 169 983 velut
198 914 469 982 contionabundus
499 915 727 998 interrogabat,
764 933 821 980 cnr
854 915 962 997 paucis
993 913 1239 995 centurionibus,

63 1022 280 1106 paucioribus
311 1021 446 1087 tribunis
467 1021 502 1086 in
531 1021 659 1087 modum
681 1039 845 1088 servornm
874 1019 1068 1087 oboedirent.
1114 1020 1241 1102 quando

66 1146 214 1196 ausuros
230 1145 401 1211 exposcere
416 1126 566 1209 remedia,
589 1128 650 1193 nisi
665 1145 780 1192 novum
804 1131 838 1192 et
853 1130 1019 1191 nutantem
1037 1125 1139 1193 adhuc
1154 1127 1241 1208 prin-

67 1235 183 1316 cipem
207 1233 355 1316 precibus
378 1231 430 1298 vel
452 1232 549 1298 armis
571 1232 717 1298 adirent?
740 1232 817 1297 satis
839 1250 897 1315 per
919 1235 969 1298 tot
992 1250 1094 1298 annos
1116 1232 1241 1312 ignavia
1260 1251 1276 1304 5

66 1345 261 1422 peccatum,
295 1338 380 1420 quod
410 1338 533 1404 tricena
563 1343 620 1404 aut
654 1337 857 1420 quadragena
889 1337 1048 1418 stipendia
1081 1355 1175 1402 senes
1210 1341 1243 1403 et

67 1445 224 1528 plerique
248 1449 398 1510 truncato
423 1461 461 1508 ex
483 1442 667 1509 vulneribus
696 1461 829 1526 corpore
851 1442 998 1509 tolerent.
1043 1461 1084 1508 ne
1106 1443 1242 1508 dimissis

69 1551 209 1634 quidem
232 1549 328 1616 finem
358 1567 427 1616 esse
450 1548 590 1631 militiae,
621 1550 678 1616 sed
706 1549 792 1632 apud
814 1548 963 1614 vexillum
990 1549 1157 1614 tendentes
1179 1548 1242 1616 alio

68 1655 236 1723 vocabulo
266 1654 395 1721 eosdem
424 1654 552 1722 labores
582 1655 733 1738 perferre.
779 1673 817 1720 ac
840 1655 867 1718 si
889 1654 961 1736 quia
983 1658 1033 1720 tot
1065 1673 1157 1721 casus
1179 1656 1244 1721 vita

68 1762 287 1845 superaverit,
322 1761 407 1826 trahi
437 1760 541 1826 adhuc
572 1761 714 1826 divonem
741 1761 772 1825 in
804 1763 916 1840 terrae,
953 1759 1008 1824 ubi
1039 1778 1095 1842 per
1128 1779 1296 1831 nomento

71 1886 232 1950 agrorum
248 1867 382 1948 uligines
396 1867 549 1950 paludum
565 1867 614 1932 vel
629 1866 751 1933 inculta
772 1867 925 1932 montium
941 1867 1108 1949 accipiant.
1144 1867 1243 1933 enim-

70 1993 157 2041 vero
169 1974 313 2039 militiam
329 1974 430 2055 ipsam
443 1991 582 2054 gravem,
599 1971 843 2038 infructuosam:
868 1971 956 2038 denis
973 1973 1007 2036 in
1020 1972 1102 2037 diem
1118 1973 1243 2038 assibus

72 2203 127 2258 fuir
151 2200 345 2271 Sohanspieler
368 2200 539 2270 (bistmouali
560 2200 663 2270 modio)
716 2218 751 2254 nn
770 2200 878 2270 dienen,
905 2199 1017 2256 nurdon
1040 2200 1107 2255 aber
1130 2199 1201 2256 anch
1225 2200 1298 2257 nach

72 2293 160 2346 hatte
178 2291 255 2344 Pero.
280 2289 396 2358 gelernt,
421 2289 578 2359 uberhaupt
596 2289 662 2345 Ver·
718 2288 808 2344 dieser
837 2289 897 2345 Zeit
926 2287 1019 2359 htufig
1049 2289 1295 2358 auritclrgehalten;

73 2378 272 2447 sammlungen
320 2376 510 2432 aufzuwiihlen
562 2377 664 2445 (coctam
716 2377 769 2445 vgl.
788 2377 822 2432 K.
841 2379 885 2432 35.

72 2466 211 2536 miscere).
752 2467 777 2523 7.
802 2464 917 2520 tolerent
940 2466 997 2520 und
1022 2469 1053 2520 11
1079 2465 1220 2536 accipiant
1247 2465 1296 2521 das

118 2558 163 2610 14.
188 2553 306 2622 delapsis
331 2553 433 2608 cbenso
451 2553 487 2618 II,
507 2556 538 2616 7;
562 2551 596 2619 V,
615 2555 662 2615 10;
715 2552 836 2623 Tempus
856 2555 905 2609 der
924 2553 975 2611 dir.
995 2553 1079 2612 Reda.

74 2645 146 2711 XII,
164 2645 212 2708 273
232 2658 294 2697 man
312 2642 387 2697 kann
405 2646 542 2708 ergannen
560 2640 591 2693 ira
608 2644 664 2694 tare
753 2645 778 2697 8.
797 2640 935 2696 madentes
946 2657 984 2696 sc
994 2642 1127 2697 tentoria:
1146 2642 1225 2698 Zelte
1238 2642 1297 2697 auf·

73 2733 156 2789 toria
173 2729 455 2798 nachhist.Ill,10.
718 2729 858 2799 schlagen,
883 2721 1022 2798 lagern3
1050 2731 1125 2798 XIII,
1149 2732 1198 2795 36;
1233 2731 1296 2785 hist.

116 2821 166 2891 17,
186 2825 210 2874 1.
223 2818 360 2888 promptis
378 2817 513 2872 Pradikat
531 2833 567 2870 zu
584 2815 664 2869 mici-
717 2817 740 2886 I,
759 2821 804 2875 31.
828 2821 870 2874 55.
893 2820 928 2873 59
946 2835 973 2873 n.
991 2823 1016 2873 d.
1035 2848 1068 2858 —
1092 2819 1148 2873 alto
1165 2818 1298 2873 cocubalo

74 2910 158 2966 atris.
176 2937 211 2947 —
233 2911 258 2960 ct
277 2905 382 2977 (etiam)
408 2904 473 2958 alite
494 2905 587 2959 ausser
612 2905 664 2959 den
717 2905 838 2961 namlich
851 2905 992 2961 vexillarii
1003 2907 1298 2964 oderocoallcoatero-

75 2996 244 3062 deterrimis,
270 2995 373 3050 welche
397 2993 439 3048 als
467 2993 511 3047 die
530 2993 664 3048 nachsten
717 3009 824 3060 uorum,
852 2993 1003 3048 besondere
1028 2994 1211 3064 Abteilungen
1235 3013 1298 3052 aus·

75 3085 262 3153 Handlanger
281 3083 329 3138 des
342 3081 480 3136 Aufrnhrs
493 3082 663 3136 erschienen.
717 3082 1010 3152 gedienterSoldaten.
1029 3083 1298 3141 Vondiesenunter·

117 3180 144 3230 2.
159 3173 260 3242 porteto
273 3170 481 3226 centwiooibus
500 3173 534 3224 60
546 3172 574 3224 in
588 3169 665 3224 einer
718 3171 849 3228 scheiden
872 3173 931 3226 sich
957 3172 1000 3227 die
1018 3188 1069 3227 aus
1088 3172 1142 3226 den
1159 3172 1299 3241 Legionem

75 3264 188 3332 Legion
205 3278 241 3315 nu
257 3263 291 3315 60
304 3259 467 3322 Centuriam
486 3257 593 3312 tribuni
610 3258 664 3327 gab
717 3277 751 3314 zu
781 3259 955 3315 bestimmten
984 3260 1120 3316 Zweclren
1154 3262 1299 3331 zeitweilig

77 3369 112 3408 es
131 3352 161 3405 in
180 3351 256 3405 einer
267 3348 372 3417 Legion
391 3349 417 3414 6,
436 3347 514 3401 einer
528 3345 665 3416 jedesmal
719 3347 906 3403 dctaohierten
918 3347 1005 3418 (lorps
1025 3349 1300 3420 (Agr.18lcpionum

77 3458 118 3497 an
137 3438 188 3494 der
206 3437 299 3507 Spitne
317 3453 370 3491 von
390 3440 423 3490 10
442 3435 600 3491 centurion.
718 3435 839 3504 uexilla).

116 3532 144 3583 4.
163 3541 288 3592 uesanos,
309 3526 357 3580 das
373 3524 447 3579 Part
459 3523 599 3581 Futhkt.
617 3523 666 3576 mit
756 3528 797 3579 10.
827 3525 919 3580 adbuc
937 3549 969 3572 =
987 3526 1107 3596 insuper,
1144 3533 1299 3596 praeterea,

77 3619 173 3675 einem
200 3615 455 3683 Bedingungssatze
491 3611 577 3667 findet
607 3610 666 3666 sich
718 3615 769 3668 wie
782 3613 870 3668 Germ.
884 3618 917 3669 10
936 3614 1123 3682 auspc'eiorum
1134 3614 1223 3668 adbuc
1231 3613 1299 3680 fidas

77 3712 141 3764 erst
159 3704 213 3760 seit
227 3702 323 3757 Livius
341 3701 441 3772 (XXII,
457 3705 489 3755 12
508 3701 583 3755 nullo
595 3699 665 3768 loco,
719 3702 849 3770 exigitur.
863 3733 895 3742 —
907 3700 1045 3756 diversas:
1064 3702 1241 3772 entlcgen.
1267 3706 1300 3759 In

78 3796 135 3852 nisi
154 3797 287 3862 quantum
298 3791 452 3846 necessitas
471 3794 592 3857 cogeret,
609 3787 665 3842 ior·
720 3789 865 3845 darselben
884 3790 1065 3860 Verbindung
1083 3790 1131 3857 IV,
1149 3794 1193 3847 46.

78 3893 216 3940 bunasse
234 3880 452 3942 commissurus).
484 3877 524 3933 Es
542 3877 666 3932 bezeich-
756 3882 798 3933 11.
821 3878 956 3946 paludum
983 3878 1039 3934 und
1064 3880 1196 3934 montiaco
1223 3881 1300 3936 nicht

78 3980 129 4029 net
153 3971 214 4026 hier
239 3968 283 4023 die
301 3965 486 4024 Bereitschaft
511 3966 577 4021 oder
595 3965 664 4019 Ent-
716 3967 856 4036 partitive,
875 3966 994 4022 sondern
1013 3967 1214 4036 appositionale
1232 3970 1299 4024 oder

79 4057 291 4118 schlossenheit.
717 4055 928 4125 epexegetisohe
947 4055 1086 4114 Genetiva.
1104 4087 1139 4096 -
1162 4057 1300 4125 accipiant

119 4150 145 4204 6.
180 4145 287 4202 tricena
314 4148 366 4197 cut
395 4141 584 4211 quadrageno,
622 4139 665 4196 die
719 4143 768 4198 der
788 4144 892 4211 Plural,
920 4144 956 4198 da
973 4144 998 4198 si
1017 4145 1078 4213 quis
1096 4147 1176 4200 einen
1194 4145 1298 4200 kollels·

80 4233 331 4306 Legionssoldaten
364 4232 461 4286 hatten
489 4230 561 4285 nach
591 4230 666 4284 einer
717 4233 792 4287 tiron
812 4231 876 4287 Sinn
894 4232 952 4286 bat.

82 4326 273 4392 Bestimmung
291 4323 340 4378 des
359 4311 503 4391 Augustus
527 4325 563 4376 20
580 4320 667 4375 Jahre
757 4324 797 4376 12.
816 4320 895 4375 denis
913 4320 1021 4374 assam
1038 4326 1109 4376 etwa
1128 4321 1163 4374 50
1180 4319 1221 4376 Pf.
