2972 4824
530 237 613 291 Liber
631 238 653 295 Ι.
683 236 749 306 Cap.
769 239 811 291 33.
1237 228 1277 288 33

60 399 127 446 non
158 381 304 447 tribunus
336 380 436 462 ultra,
471 398 533 446 nan
565 385 741 447 castrorum
776 377 954 462 praefectus
987 379 1037 445 ius
1070 379 1225 446 obtinuit:

61 486 201 570 vigilias,
224 487 387 568 stationes,
412 490 446 552 et
469 488 496 551 si
518 505 581 569 qua
603 487 668 553 alia
691 504 846 570 praesens
869 503 945 552 usus
966 484 1135 569 indixerat,
1165 487 1226 569 ipsi

60 593 296 674 partiebantur.
341 594 374 659 id
397 593 553 659 militares
582 594 704 660 animos
736 592 832 659 altius
857 592 1111 660 coniectantibus
1133 612 1226 677 prae·

60 699 193 781 eipuum
221 699 370 765 indicium
392 699 500 782 magni
530 704 627 780 atque
649 698 848 781 inplacabilis
871 702 986 779 motus,
1018 699 1103 781 quod
1123 717 1226 782 neque
1246 722 1279 772 15

60 805 192 871 disiecti
214 809 271 871 aut
285 823 461 886 pancorum
475 805 633 885 instinctu,
657 804 714 871 sed
729 805 852 887 pariter
866 804 1081 884 ardescerent,
1105 806 1226 888 pariter

61 909 206 993 silerent,
229 915 321 977 tanta
342 911 537 993 aequalitate
559 915 594 977 et
616 911 803 991 constantia,
826 915 863 976 ut
887 911 954 992 regi
976 911 1132 979 crederes.

156 1021 206 1085 33.
244 1018 372 1083 Interea
401 1017 590 1084 Germanica
618 1035 676 1099 per
704 1016 836 1098 Gallias,
872 1019 909 1082 ut
940 1016 1083 1098 diximus,
1114 1033 1227 1082 census

61 1122 232 1205 accipienti
265 1125 436 1190 excessisse
460 1123 640 1207 Augustum
668 1121 820 1191 adfertur.
867 1127 994 1206 neptem
1023 1123 1091 1188 eius
1114 1123 1227 1206 Agrip·

59 1228 172 1310 pinam
200 1229 233 1294 in
261 1230 460 1296 matrimonio
487 1229 658 1313 pluresque
690 1249 728 1295 ex
759 1248 798 1296 ea
827 1229 945 1295 liberos
975 1227 1124 1307 habebat,
1157 1229 1227 1310 ipse

61 1335 171 1401 Druso
190 1333 290 1402 fratre
304 1335 422 1401 liberii
436 1336 571 1418 genitus,
588 1336 751 1418 Augustae
767 1352 874 1417 nepos,
899 1334 955 1400 sed
970 1334 1082 1400 auxius
1097 1333 1227 1400 occultis

60 1440 98 1504 in
121 1459 156 1506 se
177 1442 285 1525 patrui
308 1443 462 1525 aviaeque
484 1442 577 1523 odiis,
601 1460 736 1525 quorum
759 1460 875 1508 causae
898 1441 1049 1522 acriores,
1073 1440 1147 1522 quia
1169 1440 1227 1506 ini·
1246 1459 1262 1510 5

59 1564 157 1627 quae.
203 1547 319 1629 quippe
338 1547 433 1612 Drusi
456 1567 571 1630 magna
593 1548 678 1630 apud
692 1547 846 1631 papulum
861 1547 1039 1613 Romanum
1062 1547 1226 1626 memoria,

60 1653 326 1735 credebaturque,
358 1655 385 1719 si
407 1673 514 1720 rerum
543 1655 664 1738 potitus
694 1653 786 1733 leret,
817 1654 999 1720 libertatem
1028 1653 1227 1730 redditurus3

60 1759 150 1824 unde
171 1760 204 1824 in
226 1759 451 1826 Germanicum
480 1759 571 1826 favor
594 1765 627 1826 et
649 1777 721 1842 spes
745 1760 865 1827 eadem.
911 1778 985 1825 uam
1007 1760 1113 1825 iuveni
1134 1759 1228 1824 civile

61 1864 234 1945 ingenium,
268 1865 349 1930 mira
372 1867 501 1932 comitas
532 1871 565 1931 et
588 1865 715 1932 diversa
746 1866 787 1931 ab
811 1863 929 1930 Tiberii
959 1882 1104 1930 sermone
1127 1863 1227 1943 vultu,

52 1971 291 2052 adrogantibus
325 1976 358 2037 et
392 1972 546 2039 obscuris.
605 1971 802 2038 accedebant
836 1971 1006 2036 muliebres
1039 1967 1228 2035 offensiones
1249 1990 1282 2039 ru

62 2076 282 2143 novercalibus
305 2069 415 2144 Lir'iae
437 2079 470 2144 in
493 2079 702 2162 Agrippinam
726 2077 871 2160 stimulis,
903 2082 1001 2159 atque
1022 2077 1093 2159 ipsa
1115 2075 1229 2158 Agrip·

102 2327 146 2379 12.
169 2323 213 2377 ius
237 2324 376 2378 obtinuit:
404 2325 511 2380 aeine
534 2326 646 2381 recht·
699 2326 840 2395 Adoption
858 2323 894 2378 K.
914 2326 939 2378 3.
958 2354 991 2363 -
1009 2323 1131 2390 iniquae,
1151 2321 1212 2377 weil
1231 2337 1281 2376 aus

62 2411 162 2466 liche
187 2403 351 2480 Stelluug
373 2397 586 2484 behaupten,
612 2415 647 2468 da
700 2414 859 2468 unianterer
889 2413 1057 2480 Gesinnung,
1085 2409 1283 2465 insbesoudere

63 2501 110 2555 die
136 2498 266 2555 Scldaten
293 2501 368 2554 nicht
398 2501 447 2554 auf
472 2503 511 2556 sie
538 2502 646 2570 herten,
701 2518 750 2556 aus
770 2502 842 2558 Naid
859 2501 915 2555 und
934 2501 1039 2555 Furcht
1057 2499 1282 2554 dasllerhalsteu

62 2587 185 2645 sondern
204 2588 291 2642 selbst
310 2587 377 2642 alles
394 2587 574 2654 anordneten‚
602 2591 647 2645 ein
700 2589 745 2658 (K.
773 2593 788 2644 7
817 2605 850 2644 ee
876 2590 1031 2657 formidine,
1057 2605 1090 2644 ae
1114 2630 1144 2645 ..
1171 2589 1283 2658 mallet),

61 2675 259 2733 bedenlrliehes
278 2677 399 2732 Zeichen
424 2676 471 2732 der
496 2679 648 2747 Einmdtig·
700 2686 899 2746 entsprungen.

61 2767 135 2834 keil,
153 2765 203 2819 mit
222 2765 271 2819 def
290 2765 329 2820 ⁸5⁸
348 2764 508 2820 handeltess·
736 2789 760 2840 7.
778 2783 939 2840 redditurus
956 2800 994 2840 se.
1012 2784 1107 2840 luisse.
1128 2783 1188 2852 Vgl.
1201 2783 1235 2838 K.
1249 2787 1283 2838 17

103 2857 145 2913 13,
163 2853 188 2907 ai
206 2869 262 2922 que
281 2894 307 2908 ..
327 2853 481 2908 indiceret:
501 2871 557 2908 was
577 2863 648 2910 etwa
700 2888 825 2928 awos,

62 2949 146 2998 sonst
170 2941 219 2996 das
246 2941 482 3010 augenbliclrliche
500 2942 647 2998 Bedsulnis
735 2963 761 3018 g,
780 2976 840 3029 spes
859 2959 958 3027 eadem,
986 2961 1048 3016 weil
1073 2960 1133 3015 sich
1158 2960 1201 3014 bei
1225 2959 1282 3012 ihm

62 3030 197 3098 ἷθῑῧθῐῒθι
235 3031 356 3099 801181ῑὲ9
393 3047 443 3085 21¹1
474 3031 535 3086 zeii
570 3032 648 3100 ὓῧῐῑὲ
701 3048 813 3117 ebenso,
832 3049 882 3104 wie
896 3048 939 3102 bei
958 3048 1062 3102 seinem
1074 3047 1170 3117 Vater,
1189 3063 1283 3114 wegen

62 3118 263 3175 eracheinenda
317 3117 539 3188 Obliegenheiten
598 3119 647 3175 des
701 3136 748 3193 qe,
774 3137 852 3192 ὡνηρ
869 3136 1009 3206 ,amnium
1033 3136 1104 3191 nach
1122 3137 1159 3203 Η,
1178 3138 1214 3190 32
1240 3135 1284 3193 gig

62 3201 205 3263 menslei·
702 3226 821 3282 Ansicht
839 3224 951 3294 bildate,
973 3225 1110 3294 pupulam
1127 3223 1284 3278 Romanum

101 3299 145 3350 14·
169 3293 253 3349 alm
280 3293 448 3349 milwe-¹
475 3293 565 3364 rtiefer
588 3294 647 3349 anf·
701 3314 862 3384 aspectare
879 3312 1283 3381 complectiredditclibertcte.

62 3385 169 3451 lassen,
188 3382 366 3452 grundlicher
383 3381 556 3439 beurteilen‘·
701 3434 735 3443 -
753 3401 846 3456 civile,
865 3402 1130 3458 herabqgggend,
1199 3397 1201 3404 ’

101 3477 146 3530 17.
164 3471 332 3541 aequalitas:
345 3470 646 3574 ,gleichaGesinnung‘.
737 3511 778 3565 10·
797 3508 934 3562 obscuris:
958 3506 1143 3563 ,mmm
1162 3507 1205 3575 (Κ,
1227 3506 1283 3577 11),

64 3591 100 3602 -
113 3560 236 3616 crederes
253 3560 603 3615 ersehemteuntehstvou
616 3566 647 3616 et
702 3628 735 3636 -
760 3595 917 3650 mah-em.
941 3597 991 3652 wie
1017 3597 1058 3652 sie
1082 3596 1128 3652 bei
1152 3595 1284 3650 Weibem

63 3650 217 3718 abhtngig3
237 3648 308 3703 doch
320 3648 414 3704 wilrde
427 3650 498 3704 anch
517 3649 648 3705 ohnedies
701 3686 886 3743 vorkommen·

64 3739 117 3794 der
147 3735 312 3792 Potentialis
343 3737 393 3792 der
422 3726 649 3807 Vergangenheit
711 3815 713 3822 y
738 3796 780 3850 n·
804 3791 1003 3858 mercatibus,
1031 3794 1081 3848 wie
1109 3789 1183 3845 deun
1207 3790 1284 3844 Livia

64 3825 174 3882 “ehem
701 3880 773 3936 nach
792 3879 826 3936 K.
845 3884 881 3934 10
898 3879 1055 3948 uberhaupt
1079 3879 1175 3948 praete
1193 3877 1286 3934 domui

100 3967 188 4038 33,1.
207 3966 648 4037 eeascsaacipeemienngaben
704 3970 854 4023 Caesarum
889 3982 1007 4023 accarca
1042 3983 1106 4023 war.
1165 3967 1285 4026 Seitdem

66 4057 135 4111 uber
154 4055 367 4124 daaVermbgen
386 4058 649 4126 entgegennelrmen.
702 4057 788 4124 Julia,
807 4057 851 4112 die
870 4058 977 4112 Mutter
995 4056 1046 4112 der
1064 4057 1225 4125 Agrippina,
1249 4057 1285 4110 im

102 4148 128 4200 4.
147 4144 292 4216 Augustae
310 4145 344 4201 K.
362 4147 389 4200 8.
703 4145 767 4200 Exil
780 4147 975 4216 lebte,k0nnte
986 4144 1286 4213 dieStielgrclsmuttar

102 4236 128 4289 b.
142 4234 243 4302 patrer·
255 4234 327 4289 nach
340 4233 388 4289 dar
401 4232 574 4289 natdrlieben
583 4234 650 4289 Ver·
701 4234 779 4290 Livia
792 4252 838 4289 um
851 4251 881 4291 so
895 4235 973 4290 mehr
985 4234 1027 4289 als
1040 4233 1214 4289 Stielmutter
1227 4232 1285 4288 aul-

68 4321 261 4392 waudtschaft,
279 4322 351 4377 alma
370 4323 522 4378 Rbcksieht
541 4321 591 4377 aul
608 4323 650 4376 die
703 4329 805 4380 treten.
825 4353 858 4362 -
876 4323 995 4378 stimuli:
1014 4323 1040 4376 H
1052 4323 1221 4376 abeleien.
