2934 4818
491 264 573 320 Liber
592 264 625 318 11.
658 265 723 334 (lap.
742 268 786 321 ot.
1181 259 1241 320 131

112 413 171 474 55.
217 407 261 472 At
289 406 345 472 On.
372 406 455 487 Piso,
490 425 551 488 quo
584 411 807 490 properantius
836 409 997 475 destinata
1027 412 1191 496 inciperet,

16 513 188 579 :ivitatem
201 512 442 578 Atheniensium
458 512 583 578 turbido
599 515 726 580 incessu
742 515 923 586 exterritam
938 517 1080 583 oratione
1095 536 1192 584 saeva
1223 499 1226 506 ’

16 625 182 702 ncrepat,
205 618 332 700 oblique
355 619 576 685 Germanicum
600 620 825 701 perstringens,
853 619 937 701 quod
962 626 1072 687 eontra
1095 624 1192 689 decus

16 725 164 790 domani
192 726 328 791 nominis
358 743 422 790 non
445 725 656 791 Athenienses
684 731 735 790 tot
757 725 900 790 cladibus
924 727 1105 809 exstinctos,
1135 730 1192 796 sed

16 831 205 901 :onluviem
227 830 316 895 illam
338 831 504 896 nationum
537 831 686 898 comitate
710 831 808 895 nimia
831 830 997 897 coluisset:
1028 832 1086 898 hos
1109 836 1227 907 enims

16 956 90 1004 esse
119 937 317 1002 Mithridatis
340 937 491 1002 adversus
514 935 647 1016 Sullam,
672 937 800 1002 'Antonii
823 937 975 1002 adversus
999 939 1105 1005 divum
1129 941 1193 1006 hu-

16 1050 159 1126 gustum
187 1043 300 1109 socios.
345 1043 442 1108 etiam
469 1048 579 1108 vetera
609 1043 800 1123 obiectabat‚
836 1062 917 1125 quae
947 1044 979 1108 in
1003 1043 1192 1112 Macedones

16 1152 223 1236 'mprospere
255 1147 409 1214 violenter
439 1148 472 1212 in
499 1167 575 1214 suos
607 1147 764 1230 fecissent,
798 1147 934 1215 offensus
963 1151 1036 1216 urbi
1063 1154 1193 1236 propria

16 1273 155 1338 quoque
177 1255 233 1334 ira,
259 1256 332 1336 quia
353 1254 562 1340 Theophilum
585 1254 745 1336 quendam
763 1255 847 1320 Areo
870 1255 985 1332 iudicio
1009 1255 1081 1322 falsi
1104 1258 1192 1342 dam·
1231 1245 1234 1250 ’

16 1368 140 1427 natum
162 1362 307 1443 precihus
330 1363 396 1426 suis
419 1380 482 1427 non
496 1362 723 1428 'concederent
771 1361 852 1426 exim
874 1362 1076 1443 navigatione
1099 1361 1193 1428 celeri
1213 1382 1246 1434 10

16 1487 80 1549 per
97 1465 260 1550 Cycladas
283 1472 316 1532 et
339 1467 526 1549 compendia
539 1467 635 1532 maris
659 1467 846 1548 adsequitur
861 1466 1085 1532 Germanicum
1108 1468 1194 1550 apud

16 1575 166 1639 insulam
190 1572 345 1653 Rhodum,
376 1573 462 1639 haud
487 1574 631 1639 nescium
654 1574 768 1654 quibus
790 1573 1049 1638 insectationibus
1072 1575 1193 1655 petitus

17 1680 129 1744 foret:
153 1679 210 1744 sed
232 1684 323 1745 tenta
346 1679 589 1744 mansuetudine
612 1679 740 1761 agebat,
763 1684 809 1759 ut,
834 1698 905 1744 eum
928 1684 1000 1745 orta
1021 1685 1194 1761 tempestas

18 1790 159 1868 raperet
178 1788 211 1851 in
234 1787 370 1866 abrupta
385 1790 554 1867 possetque
576 1786 727 1851 interitus
743 1785 862 1850 inimici
884 1785 926 1850 ad
941 1803 1048 1850 casum
1071 1785 1192 1865 referri,

19 1891 154 1956 miserit
175 1893 313 1956 triremis
336 1910 468 1973 quarum
490 1891 631 1956 subsidio
655 1890 826 1956 discrimini
849 1891 1046 1958 eximeretur.
1092 1909 1248 1974 neqne15

22 2005 140 2063 tamen
155 1998 320 2080 mitigatus
338 1998 420 2077 Piso,
445 2003 477 2063 et
499 2000 550 2062 vix
572 1998 634 2063 diei
658 2015 780 2062 moram
795 2013 966 2077 perpessus
988 1996 1103 2078 linquit
1118 1996 1195 2062 Ger-

22 2106 190 2168 manicum
206 2103 441 2186 praevenitque.
488 2109 520 2168 et
535 2109 703 2184 postquam
719 2101 845 2167 Suriam
869 2120 907 2167 ae
922 2101 1062 2184 legiones
1078 2104 1194 2184 attigit,

23 2209 207 2291 largitione,
231 2211 363 2288 ambitu,
386 2207 510 2274 intimos
534 2208 777 2290 manipularium
802 2208 949 2290 iuvando,
973 2227 1047 2273 cum
1070 2215 1195 2275 veteres

26 2316 242 2397 centuriones
273 2332 400 2380 severos
423 2315 568 2380 tribunos
592 2315 774 2380 demoveret
805 2312 938 2396 locaque
961 2332 1071 2379 eorum
1101 2315 1195 2380 clien-

27 2420 117 2484 tibus
142 2420 206 2484 suis
229 2420 280 2485 vel
297 2421 469 2486 deterrimo
494 2421 607 2500 cuique
622 2421 821 2501 attribueret,
846 2420 1001 2484 desidiam
1023 2420 1056 2484 in
1072 2421 1195 2503 eastris,
1214 2440 1249 2491 ao

26 2523 192 2590 licentiam
215 2525 247 2590 in
270 2526 411 2606 urbibus,
436 2544 551 2608 vagum
574 2544 612 2591 ac
627 2525 844 2591 lascivientem
868 2543 925 2606 per
948 2543 1042 2606 agros
1064 2526 1196 2592 militem

30 2631 162 2712 sineret,
186 2650 346 2714 eousque
370 2631 582 2714 corruptionis
604 2636 774 2712 provectus
798 2637 857 2712 est,
887 2635 923 2695 ut
945 2649 1089 2697 sermone
1110 2631 1197 2715 vulgi

93 2909 164 2982 Καὶ).
182 2909 226 2967 55.
261 2909 322 2968 Piso
340 2909 399 2970 und
416 2909 555 2970 Phasine.
704 2914 730 2968 9.
749 2910 822 2964 Areo
839 2911 944 2964 iudicio
968 2917 1036 2965 statt
1055 2910 1103 2965 des
1122 2910 1250 2980 gewdhn-

70 3020 94 3072 1,
114 3015 253 3092 desinam
272 3033 294 3072 g·
313 3017 347 3072 K,
365 3019 409 3075 43·
668 2999 759 3054 lichen
791 2999 861 3052 Arei
887 2999 958 3068 papi
994 2993 1110 3070 (lipsien
1140 2993 1251 3070 πάγου)

67 3125 94 3177 2.
113 3122 233 3176 romeus
250 3121 336 3178 findet
347 3123 508 3177 aichzuerst
521 3123 549 3176 in
562 3122 615 3178 den
668 3086 779 3140 iudicia
799 3115 833 3125 “
848 3085 933 3154 sam*
952 3087 1120 3154 Ffflchung‘

35 3209 161 3264 Annalen
177 3210 232 3264 und
251 3210 382 3266 bedentet
400 3210 537 3265 entweder
549 3209 615 3264 Ein·
706 3194 748 3249 1⁰·
765 3207 800 3259 pr
801 3192 890 3246 0de
908 3193 1050 3247 medere
1068 3193 1137 3248 auch
1151 3193 1197 3263 IV,
1207 3197 1251 3253 31·

35 3296 93 3366 fall,
113 3297 209 3352 Anlall
228 3299 295 3353 oder
313 3299 457 3366 Einznq'.
706 3301 747 3355 11.
776 3297 936 3366 emapeade'a
963 3298 1053 3352 maria
1079 3299 1133 3368 vgl.
1163 3299 1186 3368 1,
1216 3302 1251 3354 63

62 3408 94 3464 ,3.
120 3403 224 3472 oblique
244 3403 432 3473 perstriapere
454 3404 527 3458 auch
546 3403 578 3472 V,
598 3408 615 3459 2
667 3385 834 3453 ⁶⁰mll0lldl'l'8
850 3386 965 3440 morum.

38 3492 90 3546 und
111 3496 153 3547 ll·
606 3491 607 3498 ’
685 3542 688 3545 .
706 3490 838 3557 rasores
856 3489 1017 3544 bezeichnet
1037 3489 1085 3544 das
1104 3491 1253 3545 Eintreten

71 3602 96 3653 5,
117 3597 263 3652 conluviem
287 3597 439 3665 patronum,
466 3597 501 3653 qq
527 3598 616 3653 viole„
670 3577 719 3632 des
738 3577 825 3631 durch
838 3577 1184 3646 petitueausgedrtekten
1198 3578 1251 3633 Zu-

40 3685 173 3742 Fremden
208 3685 266 3740 und
298 3693 380 3741 unter
418 3687 510 3742 diesen
545 3688 617 3742 euch
670 3666 788 3721 mum·

40 3775 178 3830 manchem
212 3773 390 3842 unwdrdigen
420 3775 616 3844 Eindringling
707 3774 747 3825 14.
765 3777 884 3840 reperet,
903 3772 1177 3842 dasObjektistaus
1191 3771 1252 3826 dem

41 3861 86 3918 das
106 3862 291 3931 Burgerreeht
309 3878 344 3914 zu
355 3862 447 3916 Athen
466 3863 618 3932 geschenht
669 3858 817 3928 folgenden
834 3859 940 3913 inimici
955 3877 989 3914 zu
1008 3861 1181 3914 entnehmen.

43 3950 105 4006 ⁰der
128 3966 179 4018 ΕΜ
200 3950 329 4006 verlffluft
351 3950 470 4021 W⁰rd01b
498 3967 528 4008 ⁸⁰
557 3951 616 4007 (1⁸ss
705 3969 749 4023 22.
776 3965 865 4020 sinere
895 3965 945 4020 mit
972 3966 1060 4021 einem
1088 3964 1251 4020 Accusativ:

43 4041 181 4110 Augustus
210 4037 332 4108 dagegen
369 4039 516 4095 einschritt
551 4040 616 4107 (Dio
670 4060 875 4123 gestatum,
911 4054 961 4110 wie
990 4055 1036 4123 v1,
1065 4056 1099 4108 35
1125 4064 1252 4120 paperem

44 4127 110 4195 LIV,
129 4127 164 4196 7)·
567 4191 569 4196 .
670 4142 765 4197 achare.
793 4141 890 4197 Neben
903 4141 1036 4196 dmidiam
1049 4140 1104 4195 und
1116 4139 1253 4192 licentium

75 4220 99 4271 5·
117 4215 235 4269 Alma
252 4216 297 4271 bei
313 4215 435 4271 mium·
671 4233 738 4300 gebo
751 4246 814 4284 man
833 4230 905 4284 auch
916 4245 1015 4299 capam
1027 4245 1060 4284 ac
1072 4226 1252 4282 lasciuientem

74 4327 100 4378 8.
113 4322 248 4391 propria:
266 4320 435 4392 personlieh.
671 4319 759 4375 dmeh
777 4318 870 4374 Suhat.
888 4318 996 4376 wieder.

1114 4422 1145 4477 91
