<?xml version="1.0" encoding="UTF-8"?>
<!DOCTYPE html PUBLIC "-//W3C//DTD XHTML 1.0 Transitional//EN"
    "http://www.w3.org/TR/xhtml1/DTD/xhtml1-transitional.dtd">
<html xmlns="http://www.w3.org/1999/xhtml" xml:lang="en" lang="en">
 <head>
  <title>
</title>
<meta http-equiv="Content-Type" content="text/html;charset=utf-8" />
  <meta name='ocr-system' content='tesseract 3.04.00' />
  <meta name='ocr-capabilities' content='ocr_page ocr_carea ocr_par ocr_line ocrx_word'/>
</head>
<body>
  <div class='ocr_page' id='page_1' title='image "./annaliumlibriie00tacigoog_0032.png"; bbox 0 0 2972 4824; ppageno 0'>
   <div class='ocr_carea' id='block_1_1' title="bbox 520 284 1261 366">
    <p class='ocr_par' dir='ltr' id='par_1_1' title="bbox 520 284 1261 366">
     <span class='ocr_line' id='line_1_1' title="bbox 520 284 1261 366; baseline -0.007 -15"><span class='ocrx_word' id='word_1_1' title='bbox 520 293 602 352; x_wconf 85' lang='lat' dir='ltr'><strong>Liber</strong></span> <span class='ocrx_word' id='word_1_2' title='bbox 620 298 641 356; x_wconf 89' lang='lat' dir='ltr'><strong>l.</strong></span> <span class='ocrx_word' id='word_1_3' title='bbox 669 293 734 366; x_wconf 85' lang='lat' dir='ltr'><strong>Cap.</strong></span> <span class='ocrx_word' id='word_1_4' title='bbox 756 301 797 352; x_wconf 90' lang='grc'><strong>12.</strong></span> <span class='ocrx_word' id='word_1_5' title='bbox 1223 284 1261 346; x_wconf 86' lang='grc'><strong>19</strong></span> 
     </span>
    </p>
   </div>
   <div class='ocr_carea' id='block_1_2' title="bbox 39 437 1245 735">
    <p class='ocr_par' dir='ltr' id='par_1_2' title="bbox 39 437 1245 735">
     <span class='ocr_line' id='line_1_2' title="bbox 41 437 1245 524; baseline 0.007 -20"><span class='ocrx_word' id='word_1_6' title='bbox 41 437 203 506; x_wconf 80' lang='lat' dir='ltr'><strong>fortunae</strong></span> <span class='ocrx_word' id='word_1_7' title='bbox 226 439 357 522; x_wconf 89' lang='lat' dir='ltr'><strong>regendi</strong></span> <span class='ocrx_word' id='word_1_8' title='bbox 379 443 494 506; x_wconf 87' lang='lat' dir='ltr'><strong>cuncta</strong></span> <span class='ocrx_word' id='word_1_9' title='bbox 509 457 597 506; x_wconf 83' lang='lat' dir='ltr'><strong>onus</strong></span> <span class='ocrx_word' id='word_1_10' title='bbox 641 439 775 524; x_wconf 86' lang='lat' dir='ltr'>proinde</span> <span class='ocrx_word' id='word_1_11' title='bbox 797 439 976 506; x_wconf 89' lang='lat' dir='ltr'><strong>incivitate</strong></span> <span class='ocrx_word' id='word_1_12' title='bbox 998 444 1048 506; x_wconf 89' lang='lat' dir='ltr'><strong>tot</strong></span> <span class='ocrx_word' id='word_1_13' title='bbox 1069 439 1245 512; x_wconf 82' lang='lat' dir='ltr'><strong>inlustri-s</strong></span> 
     </span>
     <span class='ocr_line' id='line_1_3' title="bbox 41 545 1210 630; baseline 0 -18"><span class='ocrx_word' id='word_1_14' title='bbox 41 545 106 612; x_wconf 90' lang='lat' dir='ltr'><strong>bus</strong></span> <span class='ocrx_word' id='word_1_15' title='bbox 131 546 210 611; x_wconf 84' lang='lat' dir='ltr'><strong>viris</strong></span> <span class='ocrx_word' id='word_1_16' title='bbox 225 546 359 612; x_wconf 89' lang='lat' dir='ltr'><strong>subnixa</strong></span> <span class='ocrx_word' id='word_1_17' title='bbox 381 564 443 613; x_wconf 93' lang='lat' dir='ltr'><strong>non</strong></span> <span class='ocrx_word' id='word_1_18' title='bbox 466 547 508 613; x_wconf 89' lang='lat' dir='ltr'><strong>ad</strong></span> <span class='ocrx_word' id='word_1_19' title='bbox 523 566 620 613; x_wconf 90' lang='lat' dir='ltr'><strong>uuum</strong></span> <span class='ocrx_word' id='word_1_20' title='bbox 642 546 748 613; x_wconf 92' lang='lat' dir='ltr'><strong>omnia</strong></span> <span class='ocrx_word' id='word_1_21' title='bbox 763 545 941 612; x_wconf 86' lang='lat' dir='ltr'><strong>deferrent:</strong></span> <span class='ocrx_word' id='word_1_22' title='bbox 964 546 1071 630; x_wconf 88' lang='lat' dir='ltr'><strong>plures</strong></span> <span class='ocrx_word' id='word_1_23' title='bbox 1086 545 1210 612; x_wconf 84' lang='lat' dir='ltr'><strong>facilius</strong></span> 
     </span>
     <span class='ocr_line' id='line_1_4' title="bbox 39 651 1210 735; baseline 0.001 -20"><span class='ocrx_word' id='word_1_24' title='bbox 39 652 161 716; x_wconf 89' lang='lat' dir='ltr'><strong>munia</strong></span> <span class='ocrx_word' id='word_1_25' title='bbox 194 651 242 718; x_wconf 92' lang='lat' dir='ltr'><strong>rei</strong></span> <span class='ocrx_word' id='word_1_26' title='bbox 274 652 421 735; x_wconf 90' lang='lat' dir='ltr'><strong>publicae</strong></span> <span class='ocrx_word' id='word_1_27' title='bbox 454 653 581 720; x_wconf 89' lang='lat' dir='ltr'><strong>sociatis</strong></span> <span class='ocrx_word' id='word_1_28' title='bbox 614 653 774 719; x_wconf 86' lang='lat' dir='ltr'><strong>laboribus</strong></span> <span class='ocrx_word' id='word_1_29' title='bbox 807 655 1021 722; x_wconf 82' lang='lat' dir='ltr'><strong>exsecuturos.</strong></span> <span class='ocrx_word' id='word_1_30' title='bbox 1071 651 1142 735; x_wconf 91' lang='lat' dir='ltr'><strong>plus</strong></span> <span class='ocrx_word' id='word_1_31' title='bbox 1176 652 1210 717; x_wconf 94' lang='lat' dir='ltr'><strong>in</strong></span> 
     </span>
    </p>
   </div>
   <div class='ocr_carea' id='block_1_3' title="bbox 39 757 1262 2116">
    <p class='ocr_par' dir='ltr' id='par_1_3' title="bbox 39 757 1262 2010">
     <span class='ocr_line' id='line_1_5' title="bbox 41 757 1209 845; baseline 0 -22"><span class='ocrx_word' id='word_1_32' title='bbox 41 757 196 823; x_wconf 91' lang='lat' dir='ltr'><strong>oratione</strong></span> <span class='ocrx_word' id='word_1_33' title='bbox 225 758 283 824; x_wconf 85' lang='lat' dir='ltr'><strong>tali</strong></span> <span class='ocrx_word' id='word_1_34' title='bbox 313 759 476 842; x_wconf 89' lang='lat' dir='ltr'><strong>dignitatis</strong></span> <span class='ocrx_word' id='word_1_35' title='bbox 504 778 600 841; x_wconf 87' lang='lat' dir='ltr'><strong>quam</strong></span> <span class='ocrx_word' id='word_1_36' title='bbox 622 757 696 826; x_wconf 88' lang='lat' dir='ltr'><strong>fidei</strong></span> <span class='ocrx_word' id='word_1_37' title='bbox 717 763 801 838; x_wconf 91' lang='lat' dir='ltr'><strong>erat;</strong></span> <span class='ocrx_word' id='word_1_38' title='bbox 834 757 1023 840; x_wconf 67' lang='lat' dir='ltr'><strong>Tiberioque</strong></span> <span class='ocrx_word' id='word_1_39' title='bbox 1052 757 1147 845; x_wconf 86' lang='lat' dir='ltr'><strong>etiam</strong></span> <span class='ocrx_word' id='word_1_40' title='bbox 1175 757 1209 823; x_wconf 94' lang='lat' dir='ltr'><strong>in</strong></span> 
     </span>
     <span class='ocr_line' id='line_1_6' title="bbox 39 863 1210 946; baseline 0.001 -18"><span class='ocrx_word' id='word_1_41' title='bbox 39 863 147 928; x_wconf 83' lang='lat' dir='ltr'><strong>rebus</strong></span> <span class='ocrx_word' id='word_1_42' title='bbox 167 881 246 945; x_wconf 90' lang='lat' dir='ltr'><strong>quas</strong></span> <span class='ocrx_word' id='word_1_43' title='bbox 262 883 323 930; x_wconf 94' lang='lat' dir='ltr'><strong>non</strong></span> <span class='ocrx_word' id='word_1_44' title='bbox 339 865 505 946; x_wconf 82' lang='lat' dir='ltr'><strong>occuleret,</strong></span> <span class='ocrx_word' id='word_1_45' title='bbox 529 884 586 932; x_wconf 92' lang='lat' dir='ltr'><strong>seu</strong></span> <span class='ocrx_word' id='word_1_46' title='bbox 601 872 718 932; x_wconf 88' lang='lat' dir='ltr'><strong>natura</strong></span> <span class='ocrx_word' id='word_1_47' title='bbox 732 865 798 931; x_wconf 88' lang='lat' dir='ltr'><strong>sive</strong></span> <span class='ocrx_word' id='word_1_48' title='bbox 813 863 1032 945; x_wconf 81' lang='lat' dir='ltr'><strong>adsuetudine,</strong></span> <span class='ocrx_word' id='word_1_49' title='bbox 1056 881 1210 946; x_wconf 88' lang='lat' dir='ltr'><strong>suspensa</strong></span> 
     </span>
     <span class='ocr_line' id='line_1_7' title="bbox 42 971 1262 1052; baseline -0.001 -16"><span class='ocrx_word' id='word_1_50' title='bbox 42 988 179 1052; x_wconf 88' lang='lat' dir='ltr'><strong>semper</strong></span> <span class='ocrx_word' id='word_1_51' title='bbox 204 975 237 1036; x_wconf 91' lang='lat' dir='ltr'><strong>et</strong></span> <span class='ocrx_word' id='word_1_52' title='bbox 267 971 403 1037; x_wconf 90' lang='lat' dir='ltr'><strong>obscura</strong></span> <span class='ocrx_word' id='word_1_53' title='bbox 430 973 544 1039; x_wconf 85' lang='lat' dir='ltr'><strong>verba:</strong></span> <span class='ocrx_word' id='word_1_54' title='bbox 576 977 653 1038; x_wconf 91' lang='lat' dir='ltr'><strong>tunc</strong></span> <span class='ocrx_word' id='word_1_55' title='bbox 679 989 755 1037; x_wconf 87' lang='lat' dir='ltr'><strong>vero</strong></span> <span class='ocrx_word' id='word_1_56' title='bbox 777 971 899 1052; x_wconf 82' lang='lat' dir='ltr'><strong>nitenti,</strong></span> <span class='ocrx_word' id='word_1_57' title='bbox 930 975 967 1037; x_wconf 90' lang='lat' dir='ltr'><strong>ut</strong></span> <span class='ocrx_word' id='word_1_58' title='bbox 996 988 1108 1036; x_wconf 88' lang='lat' dir='ltr'><strong>sensus</strong></span> <span class='ocrx_word' id='word_1_59' title='bbox 1134 987 1209 1036; x_wconf 93' lang='lat' dir='ltr'><strong>suos</strong></span> <span class='ocrx_word' id='word_1_60' title='bbox 1230 992 1262 1042; x_wconf 92' lang='lat'><strong>10</strong></span> 
     </span>
     <span class='ocr_line' id='line_1_8' title="bbox 41 1075 1208 1161; baseline 0.003 -21"><span class='ocrx_word' id='word_1_61' title='bbox 41 1076 179 1158; x_wconf 88' lang='lat' dir='ltr'><strong>penitus</strong></span> <span class='ocrx_word' id='word_1_62' title='bbox 195 1077 337 1159; x_wconf 89' lang='lat' dir='ltr'><strong>abderet,</strong></span> <span class='ocrx_word' id='word_1_63' title='bbox 360 1079 393 1144; x_wconf 92' lang='lat' dir='ltr'><strong>in</strong></span> <span class='ocrx_word' id='word_1_64' title='bbox 408 1077 564 1145; x_wconf 89' lang='lat' dir='ltr'><strong>incertum</strong></span> <span class='ocrx_word' id='word_1_65' title='bbox 586 1083 621 1144; x_wconf 90' lang='lat' dir='ltr'><strong>et</strong></span> <span class='ocrx_word' id='word_1_66' title='bbox 636 1078 821 1160; x_wconf 91' lang='lat' dir='ltr'><strong>ambiguum</strong></span> <span class='ocrx_word' id='word_1_67' title='bbox 835 1078 937 1161; x_wconf 91' lang='lat' dir='ltr'><strong>magis</strong></span> <span class='ocrx_word' id='word_1_68' title='bbox 952 1075 1208 1160; x_wconf 85' lang='lat' dir='ltr'><strong>implicabantur.</strong></span> 
     </span>
     <span class='ocr_line' id='line_1_9' title="bbox 40 1183 1210 1267; baseline 0.001 -21"><span class='ocrx_word' id='word_1_69' title='bbox 40 1186 81 1246; x_wconf 88' lang='lat' dir='ltr'><strong>at</strong></span> <span class='ocrx_word' id='word_1_70' title='bbox 104 1188 228 1263; x_wconf 88' lang='lat' dir='ltr'><strong>patres,</strong></span> <span class='ocrx_word' id='word_1_71' title='bbox 252 1184 365 1265; x_wconf 91' lang='lat' dir='ltr'><strong>quibus</strong></span> <span class='ocrx_word' id='word_1_72' title='bbox 389 1203 468 1250; x_wconf 91' lang='lat' dir='ltr'><strong>unus</strong></span> <span class='ocrx_word' id='word_1_73' title='bbox 489 1190 592 1251; x_wconf 88' lang='lat' dir='ltr'><strong>metus</strong></span> <span class='ocrx_word' id='word_1_74' title='bbox 615 1185 643 1251; x_wconf 93' lang='lat' dir='ltr'><strong>si</strong></span> <span class='ocrx_word' id='word_1_75' title='bbox 665 1183 850 1267; x_wconf 87' lang='lat' dir='ltr'><strong>intellegere</strong></span> <span class='ocrx_word' id='word_1_76' title='bbox 872 1184 1064 1266; x_wconf 86' lang='lat' dir='ltr'><strong>viderentur,</strong></span> <span class='ocrx_word' id='word_1_77' title='bbox 1087 1183 1120 1248; x_wconf 93' lang='lat' dir='ltr'><strong>in</strong></span> <span class='ocrx_word' id='word_1_78' title='bbox 1134 1200 1210 1264; x_wconf 94' lang='lat' dir='ltr'><strong>que-</strong></span> 
     </span>
     <span class='ocr_line' id='line_1_10' title="bbox 42 1288 1209 1372; baseline 0.001 -20"><span class='ocrx_word' id='word_1_79' title='bbox 42 1291 118 1352; x_wconf 89' lang='lat' dir='ltr'><strong>stus</strong></span> <span class='ocrx_word' id='word_1_80' title='bbox 147 1288 294 1355; x_wconf 89' lang='lat' dir='ltr'><strong>lacrimas</strong></span> <span class='ocrx_word' id='word_1_81' title='bbox 317 1296 394 1357; x_wconf 84' lang='lat' dir='ltr'><strong>vota</strong></span> <span class='ocrx_word' id='word_1_82' title='bbox 424 1289 559 1370; x_wconf 83' lang='lat' dir='ltr'><strong>effundi3</strong></span> <span class='ocrx_word' id='word_1_83' title='bbox 589 1292 630 1357; x_wconf 89' lang='lat' dir='ltr'><strong>ad</strong></span> <span class='ocrx_word' id='word_1_84' title='bbox 652 1291 738 1372; x_wconf 90' lang='lat' dir='ltr'><strong>deos,</strong></span> <span class='ocrx_word' id='word_1_85' title='bbox 768 1290 810 1356; x_wconf 89' lang='lat' dir='ltr'><strong>ad</strong></span> <span class='ocrx_word' id='word_1_86' title='bbox 832 1288 967 1372; x_wconf 89' lang='lat' dir='ltr'><strong>effigiem</strong></span> <span class='ocrx_word' id='word_1_87' title='bbox 989 1288 1135 1372; x_wconf 83' lang='lat' dir='ltr'><strong>Augusti,</strong></span> <span class='ocrx_word' id='word_1_88' title='bbox 1167 1288 1209 1354; x_wconf 88' lang='lat' dir='ltr'><strong>ad</strong></span> 
     </span>
     <span class='ocr_line' id='line_1_11' title="bbox 42 1392 1209 1480; baseline 0.001 -22"><span class='ocrx_word' id='word_1_89' title='bbox 42 1411 156 1476; x_wconf 87' lang='lat' dir='ltr'><strong>genua</strong></span> <span class='ocrx_word' id='word_1_90' title='bbox 178 1394 276 1476; x_wconf 90' lang='lat' dir='ltr'><strong>ipsius</strong></span> <span class='ocrx_word' id='word_1_91' title='bbox 300 1414 411 1462; x_wconf 89' lang='lat' dir='ltr'><strong>manus</strong></span> <span class='ocrx_word' id='word_1_92' title='bbox 434 1397 574 1480; x_wconf 87' lang='lat' dir='ltr'><strong>tendere,</strong></span> <span class='ocrx_word' id='word_1_93' title='bbox 605 1415 676 1463; x_wconf 89' lang='lat' dir='ltr'><strong>cum</strong></span> <span class='ocrx_word' id='word_1_94' title='bbox 699 1395 833 1480; x_wconf 87' lang='lat' dir='ltr'><strong>proferri</strong></span> <span class='ocrx_word' id='word_1_95' title='bbox 854 1395 997 1463; x_wconf 93' lang='lat' dir='ltr'><strong>libellum</strong></span> <span class='ocrx_word' id='word_1_96' title='bbox 1019 1392 1209 1477; x_wconf 86' lang='lat' dir='ltr'><strong>recitarique</strong></span> 
     </span>
     <span class='ocr_line' id='line_1_12' title="bbox 40 1499 1261 1585; baseline 0.007 -21"><span class='ocrx_word' id='word_1_97' title='bbox 40 1499 150 1567; x_wconf 88' lang='lat' dir='ltr'><strong>iussit.</strong></span> <span class='ocrx_word' id='word_1_98' title='bbox 198 1518 273 1583; x_wconf 89' lang='lat' dir='ltr'><strong>opes</strong></span> <span class='ocrx_word' id='word_1_99' title='bbox 295 1501 443 1585; x_wconf 87' lang='lat' dir='ltr'><strong>publicae</strong></span> <span class='ocrx_word' id='word_1_100' title='bbox 465 1504 716 1583; x_wconf 87' lang='lat' dir='ltr'><strong>continebantur,</strong></span> <span class='ocrx_word' id='word_1_101' title='bbox 739 1501 1261 1584; x_wconf 81' lang='lat' dir='ltr'><strong>quantumciviumsociorum-1s</strong></span> 
     </span>
     <span class='ocr_line' id='line_1_13' title="bbox 43 1606 1208 1692; baseline 0.002 -22"><span class='ocrx_word' id='word_1_102' title='bbox 43 1624 110 1687; x_wconf 93' lang='lat' dir='ltr'><strong>que</strong></span> <span class='ocrx_word' id='word_1_103' title='bbox 134 1606 169 1671; x_wconf 94' lang='lat' dir='ltr'><strong>in</strong></span> <span class='ocrx_word' id='word_1_104' title='bbox 186 1608 292 1689; x_wconf 87' lang='lat' dir='ltr'><strong>armis,</strong></span> <span class='ocrx_word' id='word_1_105' title='bbox 315 1615 393 1691; x_wconf 93' lang='lat' dir='ltr'><strong>quot</strong></span> <span class='ocrx_word' id='word_1_106' title='bbox 409 1608 538 1690; x_wconf 86' lang='lat' dir='ltr'><strong>classes,</strong></span> <span class='ocrx_word' id='word_1_107' title='bbox 561 1628 669 1692; x_wconf 89' lang='lat' dir='ltr'><strong>regua,</strong></span> <span class='ocrx_word' id='word_1_108' title='bbox 691 1608 882 1692; x_wconf 85' lang='lat' dir='ltr'><strong>provinciae,</strong></span> <span class='ocrx_word' id='word_1_109' title='bbox 905 1607 1028 1674; x_wconf 91' lang='lat' dir='ltr'><strong>tributu</strong></span> <span class='ocrx_word' id='word_1_110' title='bbox 1042 1611 1099 1673; x_wconf 88' lang='lat' dir='ltr'><strong>aut</strong></span> <span class='ocrx_word' id='word_1_111' title='bbox 1113 1606 1208 1673; x_wconf 85' lang='lat' dir='ltr'><strong>vecti·</strong></span> 
     </span>
     <span class='ocr_line' id='line_1_14' title="bbox 42 1711 1209 1799; baseline 0.002 -23"><span class='ocrx_word' id='word_1_112' title='bbox 42 1711 143 1793; x_wconf 88' lang='lat' dir='ltr'><strong>galia,</strong></span> <span class='ocrx_word' id='word_1_113' title='bbox 179 1719 212 1778; x_wconf 90' lang='lat' dir='ltr'><strong>et</strong></span> <span class='ocrx_word' id='word_1_114' title='bbox 238 1715 445 1782; x_wconf 85' lang='lat' dir='ltr'><strong>necessitates</strong></span> <span class='ocrx_word' id='word_1_115' title='bbox 472 1733 509 1781; x_wconf 88' lang='lat' dir='ltr'><strong>ac</strong></span> <span class='ocrx_word' id='word_1_116' title='bbox 535 1715 732 1799; x_wconf 80' lang='lat' dir='ltr'><strong>largitiones</strong></span> <span class='ocrx_word' id='word_1_117' title='bbox 777 1733 860 1796; x_wconf 90' lang='lat' dir='ltr'><strong>quae</strong></span> <span class='ocrx_word' id='word_1_118' title='bbox 883 1719 999 1780; x_wconf 88' lang='lat' dir='ltr'><strong>cuncta</strong></span> <span class='ocrx_word' id='word_1_119' title='bbox 1028 1731 1087 1779; x_wconf 88' lang='lat' dir='ltr'><strong>sua</strong></span> <span class='ocrx_word' id='word_1_120' title='bbox 1113 1730 1209 1779; x_wconf 89' lang='lat' dir='ltr'><strong>manu</strong></span> 
     </span>
     <span class='ocr_line' id='line_1_15' title="bbox 43 1807 1209 1905; baseline 0.001 -22"><span class='ocrx_word' id='word_1_121' title='bbox 43 1819 280 1902; x_wconf 85' lang='lat' dir='ltr'><strong>perscripserat</strong></span> <span class='ocrx_word' id='word_1_122' title='bbox 301 1822 464 1905; x_wconf 88' lang='lat' dir='ltr'><strong>Augustus</strong></span> <span class='ocrx_word' id='word_1_123' title='bbox 492 1822 721 1904; x_wconf 87' lang='lat' dir='ltr'><strong>addideratque</strong></span> <span class='ocrx_word' id='word_1_124' title='bbox 744 1807 911 1888; x_wconf 91' lang='lat' dir='ltr'><strong>consilium</strong></span> <span class='ocrx_word' id='word_1_125' title='bbox 939 1820 1102 1887; x_wconf 91' lang='lat' dir='ltr'><strong>coercendi</strong></span> <span class='ocrx_word' id='word_1_126' title='bbox 1123 1819 1209 1885; x_wconf 88' lang='lat' dir='ltr'><strong>intra</strong></span> 
     </span>
     <span class='ocr_line' id='line_1_16' title="bbox 42 1925 974 2010; baseline 0.006 -22"><span class='ocrx_word' id='word_1_127' title='bbox 42 1925 203 1991; x_wconf 89' lang='lat' dir='ltr'><strong>terminos</strong></span> <span class='ocrx_word' id='word_1_128' title='bbox 226 1926 358 2009; x_wconf 88' lang='lat' dir='ltr'><strong>imperii,</strong></span> <span class='ocrx_word' id='word_1_129' title='bbox 382 1927 539 1995; x_wconf 90' lang='lat' dir='ltr'><strong>incertum</strong></span> <span class='ocrx_word' id='word_1_130' title='bbox 561 1932 650 1994; x_wconf 89' lang='lat' dir='ltr'><strong>metu</strong></span> <span class='ocrx_word' id='word_1_131' title='bbox 672 1946 713 1993; x_wconf 89' lang='lat' dir='ltr'><strong>an</strong></span> <span class='ocrx_word' id='word_1_132' title='bbox 735 1946 793 2010; x_wconf 90' lang='lat' dir='ltr'><strong>per</strong></span> <span class='ocrx_word' id='word_1_133' title='bbox 814 1926 974 1994; x_wconf 87' lang='lat' dir='ltr'><strong>invidiam.</strong></span> 
     </span>
    </p>

    <p class='ocr_par' dir='ltr' id='par_1_4' title="bbox 140 2031 1208 2116">
     <span class='ocr_line' id='line_1_17' title="bbox 140 2031 1208 2116; baseline 0.001 -21"><span class='ocrx_word' id='word_1_134' title='bbox 140 2036 190 2100; x_wconf 87' lang='lat'><strong>12.</strong></span> <span class='ocrx_word' id='word_1_135' title='bbox 222 2032 311 2098; x_wconf 90' lang='lat' dir='ltr'><strong>Inter</strong></span> <span class='ocrx_word' id='word_1_136' title='bbox 337 2052 418 2116; x_wconf 87' lang='lat' dir='ltr'><strong>quae</strong></span> <span class='ocrx_word' id='word_1_137' title='bbox 446 2039 559 2101; x_wconf 86' lang='lat' dir='ltr'><strong>senatu</strong></span> <span class='ocrx_word' id='word_1_138' title='bbox 589 2034 631 2101; x_wconf 86' lang='lat' dir='ltr'><strong>ad</strong></span> <span class='ocrx_word' id='word_1_139' title='bbox 657 2031 782 2099; x_wconf 88' lang='lat' dir='ltr'><strong>infimas</strong></span> <span class='ocrx_word' id='word_1_140' title='bbox 805 2033 1033 2099; x_wconf 88' lang='lat' dir='ltr'><strong>obtestationes</strong></span> <span class='ocrx_word' id='word_1_141' title='bbox 1062 2048 1208 2114; x_wconf 91' lang='lat' dir='ltr'><strong>procum-</strong></span> 
     </span>
    </p>
   </div>
   <div class='ocr_carea' id='block_1_4' title="bbox 44 2175 167 2184">
    <p class='ocr_par' dir='ltr' id='par_1_5' title="bbox 44 2175 167 2184">
     <span class='ocr_line' id='line_1_18' title="bbox 44 2175 167 2184; baseline 0 -2"><span class='ocrx_word' id='word_1_142' title='bbox 44 2175 167 2184; x_wconf 79' lang='grc'><strong>.---.</strong></span> 
     </span>
    </p>
   </div>
   <div class='ocr_carea' id='block_1_5' title="bbox 44 2241 1259 4444">
    <p class='ocr_par' dir='ltr' id='par_1_6' title="bbox 44 2241 1259 4444">
     <span class='ocr_line' id='line_1_19' title="bbox 44 2241 1258 2316; baseline -0.001 -19"><span class='ocrx_word' id='word_1_143' title='bbox 44 2243 140 2312; x_wconf 86' lang='lat' dir='ltr'><strong>Frage</strong></span> <span class='ocrx_word' id='word_1_144' title='bbox 159 2242 230 2299; x_wconf 91' lang='lat' dir='ltr'><strong>olme</strong></span> <span class='ocrx_word' id='word_1_145' title='bbox 247 2248 324 2311; x_wconf 78' lang='lat' dir='ltr'><strong>eoem,</strong></span> <span class='ocrx_word' id='word_1_146' title='bbox 349 2245 398 2301; x_wconf 81' lang='lat' dir='ltr'><strong>wie</strong></span> <span class='ocrx_word' id='word_1_147' title='bbox 416 2245 449 2300; x_wconf 86' lang='lat' dir='ltr'><strong>K.</strong></span> <span class='ocrx_word' id='word_1_148' title='bbox 469 2247 512 2302; x_wconf 88' lang='grc'><strong>16.</strong></span> <span class='ocrx_word' id='word_1_149' title='bbox 529 2248 574 2304; x_wconf 75' lang='lat' dir='ltr'><strong>Is.</strong></span> <span class='ocrx_word' id='word_1_150' title='bbox 591 2245 628 2316; x_wconf 93' lang='lat' dir='ltr'><strong>II,</strong></span> <span class='ocrx_word' id='word_1_151' title='bbox 682 2243 872 2313; x_wconf 73' lang='lat' dir='ltr'><strong>Commagene,</strong></span> <span class='ocrx_word' id='word_1_152' title='bbox 884 2241 1084 2314; x_wconf 78' lang='lat' dir='ltr'><strong>Cappadocien,</strong></span> <span class='ocrx_word' id='word_1_153' title='bbox 1097 2241 1210 2298; x_wconf 87' lang='lat' dir='ltr'><strong>Pontus.</strong></span> <span class='ocrx_word' id='word_1_154' title='bbox 1225 2269 1258 2279; x_wconf 94' lang='lat'><em>-</em></span> 
     </span>
     <span class='ocr_line' id='line_1_20' title="bbox 49 2329 1259 2403; baseline -0.001 -17"><span class='ocrx_word' id='word_1_155' title='bbox 49 2333 92 2387; x_wconf 64' lang='lat' dir='ltr'><strong>lt</strong></span> <span class='ocrx_word' id='word_1_156' title='bbox 112 2333 535 2403; x_wconf 76' lang='lat' dir='ltr'><strong>so.63.7s.111,40.45.oa.</strong></span> <span class='ocrx_word' id='word_1_157' title='bbox 681 2332 787 2388; x_wconf 74' lang='lat' dir='ltr'><strong>cruam</strong></span> <span class='ocrx_word' id='word_1_158' title='bbox 810 2331 925 2400; x_wconf 80' lang='lat' dir='ltr'><strong>direlrte,</strong></span> <span class='ocrx_word' id='word_1_159' title='bbox 952 2329 1099 2402; x_wconf 65' lang='lat' dir='ltr'><strong>euangelia</strong></span> <span class='ocrx_word' id='word_1_160' title='bbox 1120 2329 1259 2386; x_wconf 79' lang='lat' dir='ltr'><strong>lndirelste</strong></span> 
     </span>
     <span class='ocr_line' id='line_1_21' title="bbox 83 2419 820 2490; baseline 0.003 -16"><span class='ocrx_word' id='word_1_161' title='bbox 83 2423 109 2474; x_wconf 89' lang='grc'><strong>6.</strong></span> <span class='ocrx_word' id='word_1_162' title='bbox 126 2433 191 2486; x_wconf 88' lang='lat' dir='ltr'><strong>non,</strong></span> <span class='ocrx_word' id='word_1_163' title='bbox 211 2419 287 2476; x_wconf 90' lang='lat' dir='ltr'><strong>nicht</strong></span> <span class='ocrx_word' id='word_1_164' title='bbox 303 2437 346 2489; x_wconf 88' lang='lat' dir='ltr'><strong>ne,</strong></span> <span class='ocrx_word' id='word_1_165' title='bbox 364 2421 426 2478; x_wconf 83' lang='lat' dir='ltr'><strong>weil</strong></span> <span class='ocrx_word' id='word_1_166' title='bbox 444 2438 498 2478; x_wconf 90' lang='lat' dir='ltr'><strong>nur</strong></span> <span class='ocrx_word' id='word_1_167' title='bbox 515 2421 564 2477; x_wconf 84' lang='lat' dir='ltr'><strong>dae</strong></span> <span class='ocrx_word' id='word_1_168' title='bbox 583 2421 626 2478; x_wconf 87' lang='lat' dir='ltr'><strong>bc·</strong></span> <span class='ocrx_word' id='word_1_169' title='bbox 680 2421 820 2490; x_wconf 83' lang='lat' dir='ltr'><strong>Abgaben.</strong></span> 
     </span>
     <span class='ocr_line' id='line_1_22' title="bbox 45 2507 1259 2579; baseline 0 -17"><span class='ocrx_word' id='word_1_170' title='bbox 45 2512 127 2564; x_wconf 87' lang='lat' dir='ltr'><strong>toute</strong></span> <span class='ocrx_word' id='word_1_171' title='bbox 144 2522 232 2560; x_wconf 71' lang='lat' dir='ltr'><strong>mam</strong></span> <span class='ocrx_word' id='word_1_172' title='bbox 249 2507 287 2562; x_wconf 92' lang='lat' dir='ltr'><strong>im</strong></span> <span class='ocrx_word' id='word_1_173' title='bbox 299 2507 473 2578; x_wconf 83' lang='lat' dir='ltr'><strong>Gegeneatae</strong></span> <span class='ocrx_word' id='word_1_174' title='bbox 490 2511 628 2579; x_wconf 71' lang='lat' dir='ltr'><strong>nupturae</strong></span> <span class='ocrx_word' id='word_1_175' title='bbox 716 2513 759 2565; x_wconf 81' lang='lat'><strong>17.</strong></span> <span class='ocrx_word' id='word_1_176' title='bbox 784 2513 811 2564; x_wconf 80' lang='lat' dir='ltr'><strong>et</strong></span> <span class='ocrx_word' id='word_1_177' title='bbox 833 2523 895 2563; x_wconf 81' lang='lat' dir='ltr'><strong>aum</strong></span> <span class='ocrx_word' id='word_1_178' title='bbox 913 2507 1063 2563; x_wconf 81' lang='lat' dir='ltr'><strong>Auscblufs</strong></span> <span class='ocrx_word' id='word_1_179' title='bbox 1088 2507 1137 2563; x_wconf 83' lang='lat' dir='ltr'><strong>des</strong></span> <span class='ocrx_word' id='word_1_180' title='bbox 1156 2507 1259 2562; x_wconf 68' lang='lat' dir='ltr'><strong>dunen</strong></span> 
     </span>
     <span class='ocr_line' id='line_1_23' title="bbox 45 2593 1259 2667; baseline -0.003 -15"><span class='ocrx_word' id='word_1_181' title='bbox 45 2596 153 2664; x_wconf 86' lang='lat' dir='ltr'><strong>negiert</strong></span> <span class='ocrx_word' id='word_1_182' title='bbox 169 2596 246 2652; x_wconf 73' lang='lat' dir='ltr'><strong>vird</strong></span> <span class='ocrx_word' id='word_1_183' title='bbox 681 2597 748 2654; x_wconf 91' lang='lat' dir='ltr'><strong>oder</strong></span> <span class='ocrx_word' id='word_1_184' title='bbox 771 2597 875 2654; x_wconf 80' lang='lat' dir='ltr'><strong>letzten</strong></span> <span class='ocrx_word' id='word_1_185' title='bbox 902 2596 973 2667; x_wconf 89' lang='lat' dir='ltr'><strong>(bier</strong></span> <span class='ocrx_word' id='word_1_186' title='bbox 995 2611 1048 2651; x_wconf 87' lang='lat' dir='ltr'><strong>aus</strong></span> <span class='ocrx_word' id='word_1_187' title='bbox 1070 2596 1146 2665; x_wconf 78' lang='lat' dir='ltr'><strong>zuei,</strong></span> <span class='ocrx_word' id='word_1_188' title='bbox 1171 2593 1259 2650; x_wconf 86' lang='lat' dir='ltr'><strong>durch</strong></span> 
     </span>
     <span class='ocr_line' id='line_1_24' title="bbox 85 2683 1259 2757; baseline 0.002 -19"><span class='ocrx_word' id='word_1_189' title='bbox 85 2689 127 2741; x_wconf 91' lang='grc'><strong>11.</strong></span> <span class='ocrx_word' id='word_1_190' title='bbox 153 2684 185 2738; x_wconf 83' lang='lat' dir='ltr'><strong>in</strong></span> <span class='ocrx_word' id='word_1_191' title='bbox 211 2684 353 2754; x_wconf 75' lang='lat' dir='ltr'><strong>ineman,</strong></span> <span class='ocrx_word' id='word_1_192' title='bbox 381 2687 425 2743; x_wconf 90' lang='lat' dir='ltr'><strong>die</strong></span> <span class='ocrx_word' id='word_1_193' title='bbox 451 2687 628 2757; x_wconf 69' lang='lat' dir='ltr'><strong>Prdposition</strong></span> <span class='ocrx_word' id='word_1_194' title='bbox 680 2701 713 2741; x_wconf 90' lang='lat' dir='ltr'><strong>ac</strong></span> <span class='ocrx_word' id='word_1_195' title='bbox 735 2685 929 2742; x_wconf 82' lang='lat' dir='ltr'><strong>verbandenen</strong></span> <span class='ocrx_word' id='word_1_196' title='bbox 946 2683 1042 2741; x_wconf 88' lang='lat' dir='ltr'><strong>Teilen</strong></span> <span class='ocrx_word' id='word_1_197' title='bbox 1064 2684 1259 2750; x_wconf 83' lang='lat' dir='ltr'><strong>bestehenden)</strong></span> 
     </span>
     <span class='ocr_line' id='line_1_25' title="bbox 45 2773 1258 2845; baseline -0.002 -16"><span class='ocrx_word' id='word_1_198' title='bbox 45 2773 209 2829; x_wconf 80' lang='lat' dir='ltr'><strong>bezeiebnet</strong></span> <span class='ocrx_word' id='word_1_199' title='bbox 226 2773 270 2830; x_wconf 90' lang='lat' dir='ltr'><strong>die</strong></span> <span class='ocrx_word' id='word_1_200' title='bbox 289 2774 431 2844; x_wconf 85' lang='lat' dir='ltr'><strong>Ricbtrmg</strong></span> <span class='ocrx_word' id='word_1_201' title='bbox 448 2775 498 2831; x_wconf 87' lang='lat' dir='ltr'><strong>der</strong></span> <span class='ocrx_word' id='word_1_202' title='bbox 514 2775 627 2845; x_wconf 75' lang='lat' dir='ltr'><strong>Thatig-</strong></span> <span class='ocrx_word' id='word_1_203' title='bbox 680 2773 792 2830; x_wconf 83' lang='lat' dir='ltr'><strong>Gliedcs</strong></span> <span class='ocrx_word' id='word_1_204' title='bbox 817 2773 889 2830; x_wconf 84' lang='lat' dir='ltr'><strong>dfter</strong></span> <span class='ocrx_word' id='word_1_205' title='bbox 913 2773 957 2830; x_wconf 87' lang='lat' dir='ltr'><strong>bei</strong></span> <span class='ocrx_word' id='word_1_206' title='bbox 975 2773 1041 2829; x_wconf 86' lang='lat' dir='ltr'><strong>Tac.</strong></span> <span class='ocrx_word' id='word_1_207' title='bbox 1065 2774 1094 2828; x_wconf 89' lang='lat' dir='ltr'><strong>in</strong></span> <span class='ocrx_word' id='word_1_208' title='bbox 1119 2773 1172 2828; x_wconf 92' lang='lat' dir='ltr'><strong>den</strong></span> <span class='ocrx_word' id='word_1_209' title='bbox 1195 2776 1258 2842; x_wconf 82' lang='lat' dir='ltr'><strong>grb·</strong></span> 
     </span>
     <span class='ocr_line' id='line_1_26' title="bbox 46 2860 1258 2934; baseline -0.001 -18"><span class='ocrx_word' id='word_1_210' title='bbox 46 2862 105 2917; x_wconf 76' lang='lat' dir='ltr'><strong>licit</strong></span> <span class='ocrx_word' id='word_1_211' title='bbox 124 2861 192 2918; x_wconf 89' lang='lat' dir='ltr'><strong>oder</strong></span> <span class='ocrx_word' id='word_1_212' title='bbox 208 2861 626 2934; x_wconf 70' lang='lat' dir='ltr'><strong>dasResultmderIIandluug.</strong></span> <span class='ocrx_word' id='word_1_213' title='bbox 678 2862 772 2919; x_wconf 72' lang='lat' dir='ltr'><strong>fieren</strong></span> <span class='ocrx_word' id='word_1_214' title='bbox 798 2861 943 2918; x_wconf 82' lang='lat' dir='ltr'><strong>Schriften.</strong></span> <span class='ocrx_word' id='word_1_215' title='bbox 979 2860 1101 2917; x_wconf 90' lang='lat' dir='ltr'><strong>Beacbte</strong></span> <span class='ocrx_word' id='word_1_216' title='bbox 1128 2860 1258 2928; x_wconf 84' lang='lat' dir='ltr'><strong>ubrigens</strong></span> 
     </span>
     <span class='ocr_line' id='line_1_27' title="bbox 85 2947 1258 3022; baseline -0.001 -18"><span class='ocrx_word' id='word_1_217' title='bbox 85 2953 126 3004; x_wconf 76' lang='lat'><strong>12</strong></span> <span class='ocrx_word' id='word_1_218' title='bbox 145 2963 218 3006; x_wconf 76' lang='lat' dir='ltr'><strong>anea</strong></span> <span class='ocrx_word' id='word_1_219' title='bbox 233 2956 320 3006; x_wconf 77' lang='lat' dir='ltr'><strong>mnae</strong></span> <span class='ocrx_word' id='word_1_220' title='bbox 342 2952 368 3006; x_wconf 81' lang='lat' dir='ltr'><strong>si</strong></span> <span class='ocrx_word' id='word_1_221' title='bbox 385 2951 538 3022; x_wconf 73' lang='lat' dir='ltr'><strong>intellegere</strong></span> <span class='ocrx_word' id='word_1_222' title='bbox 555 2951 627 3007; x_wconf 85' lang='lat' dir='ltr'><strong>m&#39;de·</strong></span> <span class='ocrx_word' id='word_1_223' title='bbox 679 2951 731 3007; x_wconf 92' lang='lat' dir='ltr'><strong>den</strong></span> <span class='ocrx_word' id='word_1_224' title='bbox 745 2951 873 3008; x_wconf 82' lang='lat' dir='ltr'><strong>Weclmel</strong></span> <span class='ocrx_word' id='word_1_225' title='bbox 884 2949 1018 3008; x_wconf 76' lang='lat' dir='ltr'><strong>anisolmu</strong></span> <span class='ocrx_word' id='word_1_226' title='bbox 1028 2948 1191 3020; x_wconf 78' lang='lat' dir='ltr'><strong>Asyndeton</strong></span> <span class='ocrx_word' id='word_1_227' title='bbox 1202 2947 1258 3003; x_wconf 89' lang='lat' dir='ltr'><strong>und</strong></span> 
     </span>
     <span class='ocr_line' id='line_1_28' title="bbox 46 3038 1258 3111; baseline -0.002 -18"><span class='ocrx_word' id='word_1_228' title='bbox 46 3043 160 3093; x_wconf 71' lang='lat' dir='ltr'><strong>ramur:</strong></span> <span class='ocrx_word' id='word_1_229' title='bbox 185 3039 226 3094; x_wconf 86' lang='lat' dir='ltr'><strong>sie</strong></span> <span class='ocrx_word' id='word_1_230' title='bbox 248 3039 352 3108; x_wconf 83' lang='lat' dir='ltr'><strong>hegten</strong></span> <span class='ocrx_word' id='word_1_231' title='bbox 373 3056 428 3096; x_wconf 91' lang='lat' dir='ltr'><strong>nur</strong></span> <span class='ocrx_word' id='word_1_232' title='bbox 452 3039 557 3096; x_wconf 87' lang='lat' dir='ltr'><strong>Furcht</strong></span> <span class='ocrx_word' id='word_1_233' title='bbox 579 3039 626 3095; x_wconf 77' lang='lat' dir='ltr'><strong>fur</strong></span> <span class='ocrx_word' id='word_1_234' title='bbox 680 3040 898 3111; x_wconf 76' lang='lat' dir='ltr'><strong>Polysyndetom</strong></span> <span class='ocrx_word' id='word_1_235' title='bbox 939 3038 993 3108; x_wconf 86' lang='lat' dir='ltr'><strong>rgl.</strong></span> <span class='ocrx_word' id='word_1_236' title='bbox 1023 3038 1085 3106; x_wconf 88' lang='lat' dir='ltr'><strong>XII,</strong></span> <span class='ocrx_word' id='word_1_237' title='bbox 1113 3041 1147 3093; x_wconf 82' lang='grc'><strong>17</strong></span> <span class='ocrx_word' id='word_1_238' title='bbox 1176 3051 1258 3091; x_wconf 81' lang='lat' dir='ltr'><strong>anna</strong></span> 
     </span>
     <span class='ocr_line' id='line_1_29' title="bbox 47 3121 1258 3196; baseline -0.003 -13"><span class='ocrx_word' id='word_1_239' title='bbox 47 3127 101 3183; x_wconf 90' lang='lat' dir='ltr'><strong>den</strong></span> <span class='ocrx_word' id='word_1_240' title='bbox 118 3126 190 3194; x_wconf 81' lang='lat' dir='ltr'><strong>Fall,</strong></span> <span class='ocrx_word' id='word_1_241' title='bbox 218 3127 279 3183; x_wconf 81' lang='lat' dir='ltr'><strong>dafs</strong></span> <span class='ocrx_word' id='word_1_242' title='bbox 301 3121 342 3184; x_wconf 85' lang='lat' dir='ltr'><strong>sie</strong></span> <span class='ocrx_word' id='word_1_243' title='bbox 370 3128 422 3184; x_wconf 89' lang='lat' dir='ltr'><strong>den</strong></span> <span class='ocrx_word' id='word_1_244' title='bbox 444 3127 511 3184; x_wconf 84' lang='lat' dir='ltr'><strong>Sino</strong></span> <span class='ocrx_word' id='word_1_245' title='bbox 536 3129 627 3184; x_wconf 84' lang='lat' dir='ltr'><strong>seiner</strong></span> <span class='ocrx_word' id='word_1_246' title='bbox 679 3129 856 3195; x_wconf 69' lang='lat' dir='ltr'><strong>moenimenta,</strong></span> <span class='ocrx_word' id='word_1_247' title='bbox 891 3125 1017 3196; x_wconf 68' lang='lat' dir='ltr'><strong>inpediti</strong></span> <span class='ocrx_word' id='word_1_248' title='bbox 1044 3126 1086 3181; x_wconf 80' lang='lat' dir='ltr'><strong>cel</strong></span> <span class='ocrx_word' id='word_1_249' title='bbox 1114 3125 1258 3180; x_wconf 73' lang='lat' dir='ltr'><strong>amanam</strong></span> 
     </span>
     <span class='ocr_line' id='line_1_30' title="bbox 47 3213 1257 3284; baseline -0.005 -11"><span class='ocrx_word' id='word_1_250' title='bbox 47 3218 146 3273; x_wconf 82' lang='lat' dir='ltr'><strong>Worte</strong></span> <span class='ocrx_word' id='word_1_251' title='bbox 164 3216 479 3274; x_wconf 78' lang='lat' dir='ltr'><strong>emausehenscbienen.</strong></span> <span class='ocrx_word' id='word_1_252' title='bbox 514 3217 626 3273; x_wconf 81' lang='lat' dir='ltr'><strong>Ebenso</strong></span> <span class='ocrx_word' id='word_1_253' title='bbox 678 3215 741 3283; x_wconf 87' lang='lat' dir='ltr'><strong>loci,</strong></span> <span class='ocrx_word' id='word_1_254' title='bbox 764 3231 907 3284; x_wconf 75' lang='lat' dir='ltr'><strong>omnaque</strong></span> <span class='ocrx_word' id='word_1_255' title='bbox 930 3219 957 3270; x_wconf 85' lang='lat' dir='ltr'><strong>et</strong></span> <span class='ocrx_word' id='word_1_256' title='bbox 980 3213 1067 3270; x_wconf 79' lang='lat' dir='ltr'><strong>mbae.</strong></span> <span class='ocrx_word' id='word_1_257' title='bbox 1086 3243 1119 3252; x_wconf 94' lang='lat'>-</span> <span class='ocrx_word' id='word_1_258' title='bbox 1144 3213 1257 3270; x_wconf 70' lang='lat' dir='ltr'><strong>neceam·</strong></span> 
     </span>
     <span class='ocr_line' id='line_1_31' title="bbox 46 3301 1128 3374; baseline 0.002 -15"><span class='ocrx_word' id='word_1_259' title='bbox 46 3307 72 3359; x_wconf 81' lang='lat' dir='ltr'><strong>ai</strong></span> <span class='ocrx_word' id='word_1_260' title='bbox 89 3303 160 3358; x_wconf 88' lang='lat' dir='ltr'><strong>nach</strong></span> <span class='ocrx_word' id='word_1_261' title='bbox 177 3310 262 3358; x_wconf 77' lang='lat' dir='ltr'><strong>mace</strong></span> <span class='ocrx_word' id='word_1_262' title='bbox 285 3304 360 3373; x_wconf 89' lang='lat' dir='ltr'><strong>XVI,</strong></span> <span class='ocrx_word' id='word_1_263' title='bbox 378 3308 395 3361; x_wconf 82' lang='lat' dir='ltr'><strong>b</strong></span> <span class='ocrx_word' id='word_1_264' title='bbox 420 3305 477 3360; x_wconf 91' lang='lat' dir='ltr'><strong>und</strong></span> <span class='ocrx_word' id='word_1_265' title='bbox 494 3305 558 3362; x_wconf 90' lang='lat' dir='ltr'><strong>bist.</strong></span> <span class='ocrx_word' id='word_1_266' title='bbox 577 3306 625 3374; x_wconf 87' lang='lat' dir='ltr'><strong>IV,</strong></span> <span class='ocrx_word' id='word_1_267' title='bbox 678 3308 765 3360; x_wconf 76' lang='lat' dir='ltr'><strong>latm:</strong></span> <span class='ocrx_word' id='word_1_268' title='bbox 783 3303 954 3372; x_wconf 79' lang='lat' dir='ltr'><strong>notuendige</strong></span> <span class='ocrx_word' id='word_1_269' title='bbox 972 3301 1128 3372; x_wconf 82' lang='lat' dir='ltr'><strong>Ausgaben.</strong></span> 
     </span>
     <span class='ocr_line' id='line_1_32' title="bbox 49 3391 625 3460; baseline 0.002 -12"><span class='ocrx_word' id='word_1_270' title='bbox 49 3397 83 3448; x_wconf 85' lang='grc'><strong>72</strong></span> <span class='ocrx_word' id='word_1_271' title='bbox 103 3409 121 3446; x_wconf 91' lang='lat' dir='ltr'><strong>a</strong></span> <span class='ocrx_word' id='word_1_272' title='bbox 138 3396 210 3447; x_wconf 71' lang='lat' dir='ltr'><strong>maa</strong></span> <span class='ocrx_word' id='word_1_273' title='bbox 226 3391 368 3460; x_wconf 75' lang='lat' dir='ltr'><strong>infamiae,</strong></span> <span class='ocrx_word' id='word_1_274' title='bbox 393 3393 419 3447; x_wconf 82' lang='lat' dir='ltr'><strong>si</strong></span> <span class='ocrx_word' id='word_1_275' title='bbox 435 3392 554 3448; x_wconf 77' lang='lat' dir='ltr'><strong>imbuere</strong></span> <span class='ocrx_word' id='word_1_276' title='bbox 570 3408 625 3450; x_wconf 83' lang='lat' dir='ltr'><strong>cre·</strong></span> 
     </span>
     <span class='ocr_line' id='line_1_33' title="bbox 48 3480 1257 3554; baseline -0.002 -17"><span class='ocrx_word' id='word_1_277' title='bbox 48 3481 171 3548; x_wconf 64' lang='lat' dir='ltr'><strong>deretw</strong></span> <span class='ocrx_word' id='word_1_278' title='bbox 197 3480 252 3550; x_wconf 86' lang='lat' dir='ltr'><strong>rgl.</strong></span> <span class='ocrx_word' id='word_1_279' title='bbox 270 3481 335 3536; x_wconf 87' lang='lat' dir='ltr'><strong>bist.</strong></span> <span class='ocrx_word' id='word_1_280' title='bbox 355 3482 377 3552; x_wconf 96' lang='lat' dir='ltr'><strong>I,</strong></span> <span class='ocrx_word' id='word_1_281' title='bbox 398 3484 431 3537; x_wconf 89' lang='grc'><strong>16</strong></span> <span class='ocrx_word' id='word_1_282' title='bbox 454 3482 576 3549; x_wconf 81' lang='lat' dir='ltr'><strong>territae,</strong></span> <span class='ocrx_word' id='word_1_283' title='bbox 591 3483 625 3537; x_wconf 85' lang='lat' dir='ltr'><strong>ei.</strong></span> <span class='ocrx_word' id='word_1_284' title='bbox 712 3481 759 3554; x_wconf 78' lang='lat'><strong>12,</strong></span> <span class='ocrx_word' id='word_1_285' title='bbox 780 3486 804 3540; x_wconf 85' lang='lat'><strong>1.</strong></span> <span class='ocrx_word' id='word_1_286' title='bbox 828 3481 902 3536; x_wconf 81' lang='lat' dir='ltr'><strong>mter</strong></span> <span class='ocrx_word' id='word_1_287' title='bbox 924 3498 976 3538; x_wconf 85' lang='lat' dir='ltr'><strong>aur</strong></span> <span class='ocrx_word' id='word_1_288' title='bbox 992 3481 1185 3551; x_wconf 83' lang='lat' dir='ltr'><strong>Bezeiclmung</strong></span> <span class='ocrx_word' id='word_1_289' title='bbox 1207 3481 1257 3536; x_wconf 89' lang='lat' dir='ltr'><strong>der</strong></span> 
     </span>
     <span class='ocr_line' id='line_1_34' title="bbox 84 3567 1256 3640; baseline -0.002 -15"><span class='ocrx_word' id='word_1_290' title='bbox 84 3573 127 3627; x_wconf 83' lang='lat'><strong>13.</strong></span> <span class='ocrx_word' id='word_1_291' title='bbox 151 3567 189 3623; x_wconf 83' lang='lat' dir='ltr'><strong>ad</strong></span> <span class='ocrx_word' id='word_1_292' title='bbox 212 3567 327 3640; x_wconf 73' lang='lat' dir='ltr'><strong>effipiem</strong></span> <span class='ocrx_word' id='word_1_293' title='bbox 350 3570 483 3640; x_wconf 72' lang='lat' dir='ltr'><strong>Augusti,</strong></span> <span class='ocrx_word' id='word_1_294' title='bbox 508 3570 625 3628; x_wconf 82' lang='lat' dir='ltr'><strong>welches</strong></span> <span class='ocrx_word' id='word_1_295' title='bbox 678 3569 920 3639; x_wconf 79' lang='lat' dir='ltr'><strong>Gleicbucitiglreit.</strong></span> <span class='ocrx_word' id='word_1_296' title='bbox 950 3569 1025 3626; x_wconf 84' lang='lat' dir='ltr'><strong>Statt</strong></span> <span class='ocrx_word' id='word_1_297' title='bbox 1042 3569 1090 3625; x_wconf 85' lang='lat' dir='ltr'><strong>dee</strong></span> <span class='ocrx_word' id='word_1_298' title='bbox 1108 3568 1256 3638; x_wconf 87' lang='lat' dir='ltr'><strong>allgemein</strong></span> 
     </span>
     <span class='ocr_line' id='line_1_35' title="bbox 47 3656 1256 3729; baseline -0.002 -15"><span class='ocrx_word' id='word_1_299' title='bbox 47 3660 75 3714; x_wconf 92' lang='lat' dir='ltr'><strong>in</strong></span> <span class='ocrx_word' id='word_1_300' title='bbox 98 3658 147 3714; x_wconf 90' lang='lat' dir='ltr'><strong>der</strong></span> <span class='ocrx_word' id='word_1_301' title='bbox 170 3657 260 3714; x_wconf 84' lang='lat' dir='ltr'><strong>Koria</strong></span> <span class='ocrx_word' id='word_1_302' title='bbox 287 3657 447 3726; x_wconf 85' lang='lat' dir='ltr'><strong>aufgestellt</strong></span> <span class='ocrx_word' id='word_1_303' title='bbox 473 3674 542 3725; x_wconf 68' lang='grc' dir='ltr'><strong>παις</strong></span> <span class='ocrx_word' id='word_1_304' title='bbox 570 3659 624 3729; x_wconf 85' lang='lat' dir='ltr'><strong>rgl</strong></span> <span class='ocrx_word' id='word_1_305' title='bbox 678 3657 910 3728; x_wconf 77' lang='lat' dir='ltr'><strong>gebraucblicben</strong></span> <span class='ocrx_word' id='word_1_306' title='bbox 939 3659 1044 3714; x_wconf 69' lang='lat' dir='ltr'><strong>banea</strong></span> <span class='ocrx_word' id='word_1_307' title='bbox 1072 3656 1159 3712; x_wconf 85' lang='lat' dir='ltr'><strong>findet</strong></span> <span class='ocrx_word' id='word_1_308' title='bbox 1195 3656 1256 3712; x_wconf 82' lang='lat' dir='ltr'><strong>sich</strong></span> 
     </span>
     <span class='ocr_line' id='line_1_36' title="bbox 47 3737 1255 3817; baseline -0.002 -15"><span class='ocrx_word' id='word_1_309' title='bbox 47 3749 82 3817; x_wconf 87' lang='lat'><strong>11,</strong></span> <span class='ocrx_word' id='word_1_310' title='bbox 100 3749 143 3803; x_wconf 78' lang='lat'><strong>3⁷.</strong></span> <span class='ocrx_word' id='word_1_311' title='bbox 678 3748 732 3804; x_wconf 76' lang='lat' dir='ltr'><strong>seit</strong></span> <span class='ocrx_word' id='word_1_312' title='bbox 743 3746 838 3802; x_wconf 75' lang='lat' dir='ltr'><strong>civius</strong></span> <span class='ocrx_word' id='word_1_313' title='bbox 855 3746 989 3802; x_wconf 75' lang='lat' dir='ltr'><strong>amacha</strong></span> <span class='ocrx_word' id='word_1_314' title='bbox 1004 3745 1077 3800; x_wconf 75' lang='lat' dir='ltr'><strong>anter</strong></span> <span class='ocrx_word' id='word_1_315' title='bbox 1088 3737 1163 3812; x_wconf 74' lang='lat' dir='ltr'><strong>abac,</strong></span> <span class='ocrx_word' id='word_1_316' title='bbox 1182 3744 1255 3800; x_wconf 77' lang='lat' dir='ltr'><strong>mun</strong></span> 
     </span>
     <span class='ocr_line' id='line_1_37' title="bbox 85 3833 1255 3906; baseline -0.002 -15"><span class='ocrx_word' id='word_1_317' title='bbox 85 3839 126 3892; x_wconf 84' lang='lat'><strong>14.</strong></span> <span class='ocrx_word' id='word_1_318' title='bbox 144 3835 264 3892; x_wconf 84' lang='lat' dir='ltr'><strong>libellam</strong></span> <span class='ocrx_word' id='word_1_319' title='bbox 283 3838 343 3892; x_wconf 90' lang='lat' dir='ltr'><strong>eine</strong></span> <span class='ocrx_word' id='word_1_320' title='bbox 355 3853 409 3892; x_wconf 86' lang='lat' dir='ltr'><strong>rou</strong></span> <span class='ocrx_word' id='word_1_321' title='bbox 421 3839 565 3906; x_wconf 82' lang='lat' dir='ltr'><strong>Angustus</strong></span> <span class='ocrx_word' id='word_1_322' title='bbox 577 3853 624 3892; x_wconf 89' lang='lat' dir='ltr'><strong>an·</strong></span> <span class='ocrx_word' id='word_1_323' title='bbox 677 3836 749 3892; x_wconf 88' lang='lat' dir='ltr'><strong>auch</strong></span> <span class='ocrx_word' id='word_1_324' title='bbox 767 3835 840 3890; x_wconf 82' lang='lat' dir='ltr'><strong>inter</strong></span> <span class='ocrx_word' id='word_1_325' title='bbox 855 3851 932 3904; x_wconf 83' lang='lat' dir='ltr'><strong>qaae.</strong></span> <span class='ocrx_word' id='word_1_326' title='bbox 944 3864 979 3876; x_wconf 88' lang='lat'><em>-</em></span> <span class='ocrx_word' id='word_1_327' title='bbox 985 3833 1178 3904; x_wconf 77' lang='lat' dir='ltr'><strong>procanabente</strong></span> <span class='ocrx_word' id='word_1_328' title='bbox 1196 3839 1255 3889; x_wconf 89' lang='lat' dir='ltr'><strong>ent·</strong></span> 
     </span>
     <span class='ocr_line' id='line_1_38' title="bbox 49 3912 1255 3994; baseline -0.002 -13"><span class='ocrx_word' id='word_1_329' title='bbox 49 3924 189 3994; x_wconf 82' lang='lat' dir='ltr'><strong>gefertigte</strong></span> <span class='ocrx_word' id='word_1_330' title='bbox 207 3925 378 3982; x_wconf 79' lang='lat' dir='ltr'><strong>stetistiscbe</strong></span> <span class='ocrx_word' id='word_1_331' title='bbox 390 3912 539 3982; x_wconf 75' lang='lat' dir='ltr'><strong>l&#39;lbersioht</strong></span> <span class='ocrx_word' id='word_1_332' title='bbox 556 3925 625 3981; x_wconf 84' lang='lat' dir='ltr'><strong>dber</strong></span> <span class='ocrx_word' id='word_1_333' title='bbox 678 3924 770 3981; x_wconf 80' lang='lat' dir='ltr'><strong>weder</strong></span> <span class='ocrx_word' id='word_1_334' title='bbox 788 3925 859 3980; x_wconf 81' lang='lat' dir='ltr'><strong>nach</strong></span> <span class='ocrx_word' id='word_1_335' title='bbox 878 3923 928 3979; x_wconf 88' lang='lat' dir='ltr'><strong>der</strong></span> <span class='ocrx_word' id='word_1_336' title='bbox 945 3922 1185 3993; x_wconf 77' lang='lat' dir='ltr'><strong>vomufgeheuden</strong></span> <span class='ocrx_word' id='word_1_337' title='bbox 1202 3923 1255 3978; x_wconf 88' lang='lat' dir='ltr'><strong>Be·</strong></span> 
     </span>
     <span class='ocr_line' id='line_1_39' title="bbox 50 4011 1254 4084; baseline -0.002 -16"><span class='ocrx_word' id='word_1_338' title='bbox 50 4013 92 4069; x_wconf 91' lang='lat' dir='ltr'><strong>die</strong></span> <span class='ocrx_word' id='word_1_339' title='bbox 104 4013 291 4084; x_wconf 76' lang='lat' dir='ltr'><strong>Streitkrafte,</strong></span> <span class='ocrx_word' id='word_1_340' title='bbox 309 4014 380 4070; x_wconf 82' lang='lat' dir='ltr'><strong>uber</strong></span> <span class='ocrx_word' id='word_1_341' title='bbox 398 4015 442 4070; x_wconf 90' lang='lat' dir='ltr'><strong>die</strong></span> <span class='ocrx_word' id='word_1_342' title='bbox 454 4013 625 4070; x_wconf 80' lang='lat' dir='ltr'><strong>Eiunalrmen</strong></span> <span class='ocrx_word' id='word_1_343' title='bbox 678 4013 813 4083; x_wconf 84' lang='lat' dir='ltr'><strong>merkung</strong></span> <span class='ocrx_word' id='word_1_344' title='bbox 831 4013 971 4082; x_wconf 76' lang='lat' dir='ltr'><strong>adponam</strong></span> <span class='ocrx_word' id='word_1_345' title='bbox 987 4011 1186 4082; x_wconf 79' lang='lat' dir='ltr'><strong>ipsiaemanus</strong></span> <span class='ocrx_word' id='word_1_346' title='bbox 1197 4015 1254 4064; x_wconf 74' lang='lat' dir='ltr'><strong>tana·</strong></span> 
     </span>
     <span class='ocr_line' id='line_1_40' title="bbox 51 4098 1255 4172; baseline -0.002 -15"><span class='ocrx_word' id='word_1_347' title='bbox 51 4102 103 4157; x_wconf 88' lang='lat' dir='ltr'><strong>und</strong></span> <span class='ocrx_word' id='word_1_348' title='bbox 120 4103 268 4170; x_wconf 81' lang='lat' dir='ltr'><strong>Ausgaben</strong></span> <span class='ocrx_word' id='word_1_349' title='bbox 287 4103 335 4159; x_wconf 83' lang='lat' dir='ltr'><strong>dee</strong></span> <span class='ocrx_word' id='word_1_350' title='bbox 354 4103 481 4160; x_wconf 79' lang='lat' dir='ltr'><strong>Reichea</strong></span> <span class='ocrx_word' id='word_1_351' title='bbox 511 4103 624 4159; x_wconf 86' lang='lat' dir='ltr'><strong>Sueton.</strong></span> <span class='ocrx_word' id='word_1_352' title='bbox 677 4102 740 4157; x_wconf 81' lang='lat' dir='ltr'><strong>dere</strong></span> <span class='ocrx_word' id='word_1_353' title='bbox 765 4103 795 4158; x_wconf 87' lang='lat' dir='ltr'><strong>iu</strong></span> <span class='ocrx_word' id='word_1_354' title='bbox 813 4101 990 4172; x_wconf 87' lang='lat' dir='ltr'><strong>cigentliohcr</strong></span> <span class='ocrx_word' id='word_1_355' title='bbox 1007 4100 1170 4169; x_wconf 86' lang='lat' dir='ltr'><strong>Bedeutung</strong></span> <span class='ocrx_word' id='word_1_356' title='bbox 1187 4098 1255 4155; x_wconf 83' lang='lat' dir='ltr'><strong>oder</strong></span> 
     </span>
     <span class='ocr_line' id='line_1_41' title="bbox 51 4187 1254 4261; baseline -0.002 -16"><span class='ocrx_word' id='word_1_357' title='bbox 51 4190 106 4246; x_wconf 87' lang='lat' dir='ltr'><strong>Oct.</strong></span> <span class='ocrx_word' id='word_1_358' title='bbox 125 4192 167 4245; x_wconf 83' lang='lat'><strong>28.</strong></span> <span class='ocrx_word' id='word_1_359' title='bbox 188 4193 246 4246; x_wconf 91' lang='grc'><strong>101.</strong></span> <span class='ocrx_word' id='word_1_360' title='bbox 677 4192 726 4246; x_wconf 86' lang='lat' dir='ltr'><strong>mit</strong></span> <span class='ocrx_word' id='word_1_361' title='bbox 743 4192 902 4261; x_wconf 84' lang='lat' dir='ltr'><strong>Beaiehung</strong></span> <span class='ocrx_word' id='word_1_362' title='bbox 918 4189 969 4247; x_wconf 86' lang='lat' dir='ltr'><strong>auf</strong></span> <span class='ocrx_word' id='word_1_363' title='bbox 983 4191 1093 4258; x_wconf 76' lang='lat' dir='ltr'><strong>infimae</strong></span> <span class='ocrx_word' id='word_1_364' title='bbox 1118 4189 1156 4244; x_wconf 91' lang='lat' dir='ltr'><strong>im</strong></span> <span class='ocrx_word' id='word_1_365' title='bbox 1174 4187 1254 4244; x_wconf 81' lang='lat' dir='ltr'><strong>uber·</strong></span> 
     </span>
     <span class='ocr_line' id='line_1_42' title="bbox 84 4277 1254 4350; baseline 0.001 -18"><span class='ocrx_word' id='word_1_366' title='bbox 84 4281 124 4334; x_wconf 80' lang='grc'><strong>16.</strong></span> <span class='ocrx_word' id='word_1_367' title='bbox 147 4293 235 4348; x_wconf 77' lang='lat' dir='ltr'><strong>regna</strong></span> <span class='ocrx_word' id='word_1_368' title='bbox 258 4277 303 4334; x_wconf 90' lang='lat' dir='ltr'><strong>die</strong></span> <span class='ocrx_word' id='word_1_369' title='bbox 325 4279 499 4348; x_wconf 78' lang='lat' dir='ltr'><strong>abbdngigen</strong></span> <span class='ocrx_word' id='word_1_370' title='bbox 521 4279 623 4336; x_wconf 84' lang='lat' dir='ltr'><strong>Belcbe</strong></span> <span class='ocrx_word' id='word_1_371' title='bbox 676 4286 812 4350; x_wconf 85' lang='lat' dir='ltr'><strong>tragenen</strong></span> <span class='ocrx_word' id='word_1_372' title='bbox 825 4280 921 4337; x_wconf 82' lang='lat' dir='ltr'><strong>Sinna:</strong></span> <span class='ocrx_word' id='word_1_373' title='bbox 941 4297 985 4347; x_wconf 86' lang='lat' dir='ltr'><strong>‚au</strong></span> <span class='ocrx_word' id='word_1_374' title='bbox 1002 4279 1055 4336; x_wconf 89' lang='lat' dir='ltr'><strong>den</strong></span> <span class='ocrx_word' id='word_1_375' title='bbox 1067 4277 1254 4347; x_wconf 81' lang='lat' dir='ltr'><strong>demutigeten</strong></span> 
     </span>
     <span class='ocr_line' id='line_1_43' title="bbox 51 4367 1060 4444; baseline 0.005 -22"><span class='ocrx_word' id='word_1_376' title='bbox 51 4367 197 4422; x_wconf 83' lang='lat' dir='ltr'><strong>besondere</strong></span> <span class='ocrx_word' id='word_1_377' title='bbox 216 4382 252 4422; x_wconf 80' lang='lat' dir='ltr'><strong>an</strong></span> <span class='ocrx_word' id='word_1_378' title='bbox 272 4367 320 4423; x_wconf 87' lang='lat' dir='ltr'><strong>der</strong></span> <span class='ocrx_word' id='word_1_379' title='bbox 338 4367 504 4436; x_wconf 82' lang='lat' dir='ltr'><strong>Ostgrence:</strong></span> <span class='ocrx_word' id='word_1_380' title='bbox 523 4368 622 4437; x_wconf 80' lang='lat' dir='ltr'><strong>Judsa,</strong></span> <span class='ocrx_word' id='word_1_381' title='bbox 676 4369 770 4426; x_wconf 88' lang='lat' dir='ltr'><strong>Bitten</strong></span> <span class='ocrx_word' id='word_1_382' title='bbox 790 4369 849 4426; x_wconf 86' lang='lat' dir='ltr'><strong>sich</strong></span> <span class='ocrx_word' id='word_1_383' title='bbox 867 4368 1060 4444; x_wconf 83' lang='lat' dir='ltr'><strong>erniedrigeu‘.</strong></span> 
     </span>
    </p>
   </div>
   <div class='ocr_carea' id='block_1_6' title="bbox 1097 4473 1129 4534">
    <p class='ocr_par' dir='ltr' id='par_1_7' title="bbox 1097 4473 1129 4534">
     <span class='ocr_line' id='line_1_44' title="bbox 1097 4473 1129 4534; baseline 0 -31"><span class='ocrx_word' id='word_1_384' title='bbox 1097 4473 1129 4534; x_wconf 66' lang='lat'><strong>2.</strong></span> 
     </span>
    </p>
   </div>
   <div class='ocr_carea' id='block_1_7' title="bbox 0 0 1501 4824">
    <p class='ocr_par' dir='ltr' id='par_1_8' title="bbox 0 0 1501 4824">
     <span class='ocr_line' id='line_1_45' title="bbox 0 0 1501 4824; baseline 0 0"><span class='ocrx_word' id='word_1_385' title='bbox 0 0 1501 4824; x_wconf 95' lang='lat' dir='ltr'><strong> </strong></span> 
     </span>
    </p>
   </div>
  </div>
 </body>
</html>
