2934 4818
474 253 558 309 Liber
577 253 613 312 11.
645 253 710 322 Cap.
729 257 770 309 72.
791 256 833 310 73.
1193 243 1254 304 145

21 401 144 479 amici,
181 399 324 486 dextram
359 397 523 462 morientis
557 396 783 476 contingentes
818 394 962 476 spiritum
997 400 1072 462 aute
1107 414 1202 476 quam
1221 415 1256 467 20

22 508 194 572 ultionem
218 503 399 568 amissuros.

131 615 184 674 72.
217 608 297 672 Tum
321 608 362 672 ad
385 625 515 672 uxorem
537 625 647 672 versus
670 625 729 688 per
751 606 933 672 memoriam
958 606 1016 685 sui,
1040 623 1098 687 per
1120 624 1203 672 com-

24 733 163 782 munes*
176 715 294 780 liberos
317 713 428 792 oravit,
453 719 581 778 exueret
602 710 761 792 ferociam,
786 712 938 777 saevienti
961 710 1106 777 fortunae
1129 713 1204 776 sub·

26 823 184 887 mitteret
200 820 347 898 animum,
371 837 435 883 neu
458 835 602 898 regressa
624 817 658 881 in
681 819 791 884 urbem
808 817 1019 883 aemulatione
1042 819 1204 899 potentiae

27 926 212 992 validiores
228 926 380 990 irritaret.
414 925 493 989 baec
508 924 614 1008 palam
638 930 670 989 et
686 923 750 989 alia
774 930 905 1003 secreto,
930 941 988 1005 per
1003 941 1084 1004 quae
1101 930 1203 989 osten·

28 1034 118 1096 dere
142 1031 333 1098 credebatur
355 1035 475 1096 metum
504 1049 542 1096 ex
565 1031 702 1097 Tiberio.
749 1049 851 1112 neque
881 1029 979 1096 multo
1009 1039 1082 1110 post
1104 1031 1238 1098 extio-o

29 1138 162 1220 guitur,
186 1137 308 1218 ingenti
331 1136 417 1201 luctu
441 1136 619 1218 provinciae
642 1141 674 1201 et
695 1136 982 1201 circumiacentium
1006 1135 1203 1217 populorum.

31 1241 207 1307 indoluere
223 1246 349 1306 exterae
365 1242 510 1306 nationes
525 1258 695 1323 regesque:
719 1247 810 1306 tanta
824 1241 869 1305 illi
886 1241 1018 1307 comitas
1042 1242 1073 1306 in
1090 1242 1203 1321 socios,

31 1347 255 1413 mansuetudo
279 1347 310 1411 in
326 1345 444 1426 hostis3
468 1347 599 1426 visuque
622 1352 655 1412 et
677 1347 788 1411 auditu
810 1346 898 1411 iuxta
915 1347 1109 1424 venerabilis,
1134 1365 1205 1411 curn

34 1434 295 1534 magnitudinem
325 1457 357 1516 et
379 1451 570 1533 gravitatem
594 1469 735 1516 summae
763 1451 909 1517 fortunae
931 1453 1095 1532 retineret,
1125 1452 1205 1517 invi-

35 1561 130 1625 diam
154 1564 186 1623 et
208 1557 428 1639 adrogantiam
452 1555 614 1639 effugerat.
1224 1574 1258 1625 10

134 1669 186 1730 73.
211 1665 318 1728 Funus
342 1663 409 1729 sine
425 1663 614 1745 imaginibus
637 1668 670 1728 et
691 1681 807 1745 pompa
829 1682 885 1745 per
901 1663 1011 1729 laudes
1034 1680 1072 1729 ac
1087 1681 1204 1729 memo·

37 1773 125 1836 riam
141 1771 294 1835 virtutum
310 1771 379 1834 eius
396 1768 518 1834 celebre
539 1767 608 1836 fuit.
656 1774 689 1834 et
709 1776 800 1835 erant
823 1771 876 1850 qui
891 1768 1033 1849 formam,
1056 1773 1203 1849 aetatem,

37 1893 145 1958 genus
168 1877 288 1955 mortis,
312 1874 352 1939 ob
376 1875 643 1956 propinquitatem
667 1875 764 1940 etiam
785 1874 935 1956 locorum,
967 1875 998 1940 in
1021 1874 1135 1955 quibus
1158 1875 1205 1940 iu·

39 1981 146 2060 teriit,
190 1981 297 2062 magni
331 1979 501 2046 Alexandri
538 1979 611 2045 fatis
648 1980 874 2061 adaequarent.
926 1999 999 2046 uam
1036 1985 1206 2062 utrumque

40 2105 178 2168 corpore
207 2086 331 2166 decoro,
364 2104 481 2166 genere
504 2087 628 2167 insigni,
663 2086 750 2151 haud
780 2087 913 2151 multum
943 2087 1074 2169 triginta
1104 2099 1240 2152 armoss

41 2211 216 2274 egressum,
241 2210 370 2257 suorum
392 2192 515 2256 insidiis
538 2198 685 2257 externas
709 2193 792 2258 inter
815 2199 927 2275 gentes
951 2193 1119 2258 occidisse:
1148 2194 1205 2258 sed

42 2301 130 2364 huno
146 2299 253 2363 mitem
269 2317 346 2380 erga
360 2298 486 2377 amicos,
511 2299 667 2364 modicum
684 2296 892 2380 voluptatum,
916 2317 977 2363 uuo
992 2299 1204 2379 matrimonio,

43 2406 142 2471 certis
166 2404 272 2470 liberis
296 2405 406 2485 egisse,
431 2420 531 2484 neque
554 2405 657 2469 minus
680 2404 912 2486 proeliatorem,
942 2405 1038 2470 etiam
1060 2405 1088 2470 si
1110 2410 1207 2470 teme-

45 2514 126 2577 ritas
149 2508 266 2574 aiuerit
280 2510 547 2591 praepeditusque
567 2510 609 2574 sit
623 2509 783 2591 perculsas
799 2515 849 2575 tot.
863 2511 1001 2576 victoriis
1018 2509 1207 2578 Germanias

46 2617 177 2683 servitio
212 2635 363 2697 premere.
414 2615 499 2697 quod
530 2617 558 2680 si
592 2616 677 2682 solus
711 2616 831 2682 arbiter
862 2635 979 2698 rerum,
1014 2618 1042 2683 si
1072 2619 1141 2684 iure
1175 2624 1208 2684 et
1226 2628 1261 2679 10

46 2723 173 2788 nomine
205 2725 293 2804 regio
327 2720 446 2802 fuisset,
481 2726 571 2786 tanto
605 2724 781 2804 promptius
815 2723 1038 2788 adsecuturum
1072 2723 1206 2806 gloriam

47 2828 187 2908 militiae,
210 2833 363 2910 quantum
386 2827 563 2908 clementia,
589 2829 809 2911 temperantia,
833 2830 948 2896 ceteris
971 2831 1061 2895 bouis
1084 2831 1207 2895 artibus

48 2935 269 3017 praestitisset.
315 2952 430 3016 eorpus
464 2939 632 3015 autequam
664 2940 858 3000 cremaretur
891 2936 1042 3000 nudatum
1078 2936 1110 3000 in
1139 2933 1207 3001 toro

50 3040 315 3119 Antiochensium,
339 3040 392 3121 qui
414 3040 503 3104 locus
526 3038 709 3121 sepulturae
725 3040 954 3119 destinabatur,
980 3040 1207 3123 praetuleritne

262 3185 365 3192 —--

87 3269 131 3340 72,
149 3273 174 3326 2.
192 3268 383 3336 sermiul,12;
397 3267 626 3336 zurSachel,83.
680 3267 751 3323 auch
769 3267 818 3335 Ill,
838 3271 880 3323 72.
899 3267 946 3333 IV,
965 3271 1007 3322 52.
1028 3268 1075 3336 Vl,
1093 3273 1141 3334 393
1160 3272 1261 3326 ebenso

86 3361 110 3412 5.
129 3362 224 3410 metum
245 3372 286 3424 eu,
305 3357 355 3412 wie
375 3358 397 3426 1,
415 3359 458 3411 29.
477 3357 513 3425 Il,
531 3358 574 3412 38.
594 3387 626 3394 -
680 3354 838 3409 immodicus
855 3354 915 3422 XV,
935 3359 982 3424 233
1002 3356 1029 3409 h.
1048 3357 1070 3423 l,
1089 3360 1133 3413 ta.

52 3461 134 3514 usque
159 3443 243 3499 multo
265 3451 331 3513 post
359 3460 403 3500 am
431 3449 472 3500 10.
501 3445 566 3500 Olet.
595 3447 628 3500 19
717 3447 742 3499 8.
755 3436 1020 3502 cer'tisrehelioh.-
1027 3446 1180 3514 proeliator
1191 3448 1261 3503 auch

53 3551 77 3588 n.
96 3533 158 3591 tlhr.
683 3532 748 3588 dial.
766 3536 809 3600 37,
826 3532 1046 3588 naohldassiscb.

89 3626 113 3678 7.
140 3619 299 3676 indolescere
329 3628 388 3676 erst
417 3621 443 3677 in
475 3621 629 3677 naehklase.
721 3625 760 3675 11.
789 3618 982 3675 adsecuturum
1012 3637 1049 3677 sc.
1081 3622 1175 3693 fuisse,
1211 3625 1261 3681 wie

54 3711 146 3764 Prosa.
682 3708 715 3763 K.
734 3711 776 3762 31.

89 3801 113 3853 9.
130 3796 361 3865 magnitudinem:
379 3797 510 3866 ,Hohsit‘.
719 3799 758 3850 14.
784 3796 927 3864 sepultura
956 3797 1017 3852 hier
1046 3814 1099 3853 nur
1129 3816 1181 3855 von
1213 3801 1262 3856 der

91 3885 135 3956 73,
161 3888 185 3940 4.
222 3885 378 3953 adaequare
405 3909 440 3930 =
468 3901 629 3954 comparare
682 3883 1207 3957 Laichenvsrbrenuun'gzuverstehen,
1226 3891 1261 3945 da

56 3991 108 4029 nur
125 3973 191 4027 hier.
683 3972 725 4028 die
753 3974 916 4042 Beisetaaug
947 3974 996 4030 der
1022 3977 1113 4034 Aseho
1142 3979 1170 4032 iu
1199 3976 1261 4033 dem

91 4064 116 4118 6.
132 4075 242 4114 auorum
258 4059 379 4128 insidiis,
399 4060 434 4115 da
448 4061 493 4116 ein
505 4061 630 4116 Gerdclrt
683 4061 810 4116 Grabmal
836 4061 885 4116 des
904 4065 1046 4131 Augustus
1069 4081 1102 4119 zu
1125 4057 1194 4119 Rom
1217 4080 1261 4120 ar·

58 4149 126 4205 auch
142 4165 192 4204 ron
211 4148 375 4218 Vergiftung
393 4148 565 4205 Alexanders
583 4165 629 4218 ge·
681 4148 766 4218 folgte
785 4151 835 4219 ΙΙΙ,
853 4153 879 4205 4.
916 4152 992 4206 Aber
1016 4153 1087 4208 auch
1110 4169 1145 4207 au
1164 4154 1261 4210 Antio·

60 4237 193 4307 sprocben.
682 4239 761 4293 chien
785 4239 878 4295 wurde
903 4241 973 4295 nach
992 4239 1027 4296 K.
1045 4243 1080 4296 83
1105 4242 1150 4296 ain
1173 4241 1262 4310 sepul·

94 4330 118 4381 7.
133 4325 249 4379 ηιοᾶἱωιε
274 4326 322 4380 mit
345 4325 433 4382 eiuem
457 4325 525 4381 Gen.
550 4324 629 4380 relat
682 4326 774 4381 citrum
792 4329 934 4384 erricbtet.

112 4430 201 4474 Tacitus
215 4429 332 4475 dunsten.
1125 4439 1157 4490 10
