2934 4818
466 247 550 302 Liber
569 246 604 304 11.
634 247 699 314 Gap.
720 249 760 300 15.
782 249 822 301 16.
1205 233 1245 294 97

22 409 159 456 orvum
187 395 222 457 et
252 391 295 457 ad
324 391 451 457 brevem
481 391 635 473 impetum
657 389 806 469 validum,
837 388 883 453 sic
911 387 1001 453 nulla
1029 387 1195 454 vulnerum

21 497 206 578 tumentia:
234 497 302 564 sine
326 497 448 580 pudore
469 494 590 578 flagitii,
619 499 688 563 sine
709 513 787 562 eura
810 495 924 561 ducum
947 494 1043 576 abire,
1074 492 1194 577 fugere,
1216 511 1247 564 15

21 604 166 684 pavidos
190 603 342 684 adversis
373 605 457 669 inter
479 603 618 669 secunda
640 621 703 668 non
727 601 833 683 divini,
867 619 931 667 non
961 601 1091 666 humani
1117 600 1195 666 iuris

21 727 199 778 memores.
246 709 274 774 si
296 709 402 776 taedio
425 709 548 774 viarum
570 727 608 774 eo
632 708 728 773 maris
750 705 845 772 finem
868 708 1005 788 cupiant,
1037 705 1098 772 hac
1126 705 1195 771 acie

20 817 156 898 parari:
191 816 373 898 propiorem
404 815 467 880 iam
499 815 600 881 Albim
635 833 731 898 quam
761 813 907 878 Rhenum
940 831 1044 896 neque
1076 811 1195 878 bellum

20 921 124 1002 ultra,
151 921 245 988 modo
269 939 314 1002 se,
339 921 441 1004 patris
463 921 631 1004 patruique
653 921 786 1004 vestigia
808 924 1012 1003 prementem,
1040 919 1140 984 isdem
1161 919 1195 984 in

20 1029 125 1094 terris
150 1029 302 1095 victorem
325 1028 483 1094 sisterent.
1108 1063 1117 1072 -
1213 1042 1247 1093 20

122 1139 174 1202 15.
214 1135 399 1202 Orationem
429 1132 519 1200 ducis
548 1138 677 1200 secutus
705 1133 842 1198 militum
869 1132 974 1213 ardor,
1006 1132 1195 1214 signumque

19 1259 157 1322 pugnae
181 1240 299 1308 datum.
346 1258 404 1305 nec
419 1239 579 1305 Arminius
602 1244 658 1305 aut
681 1239 778 1306 ceteri
795 1238 1024 1305 Germanorum
1046 1255 1193 1321 proceres

20 1346 223 1412 omittebant
256 1362 330 1410 suos
364 1345 499 1427 quisque
531 1345 656 1425 testari,
691 1345 749 1410 hos
780 1363 849 1410 esse
878 1345 1036 1410 Romanos
1063 1343 1194 1409 Variani

19 1453 188 1518 exercitus
217 1450 446 1534 fugacissimos,
481 1451 535 1533 qui
564 1469 605 1517 ne
636 1451 755 1517 bellum
785 1450 971 1528 tolerarent,
1005 1450 1193 1516 seditionem

21 1557 212 1636 induerint3
236 1575 370 1640 quorum
393 1575 468 1639 pars
490 1563 605 1623 onusta
620 1557 803 1623 vulneribus
825 1561 927 1638 terga,
950 1575 1025 1639 pars
1047 1553 1229 1622 fluctibusn

21 1669 57 1729 et
82 1663 234 1745 procellis
256 1662 376 1729 fractos
399 1670 490 1730 artus
512 1663 642 1730 infensis
662 1683 788 1730 rursum
804 1663 958 1746 hostibus
981 1662 1123 1729 adversis
1146 1663 1194 1729 dis

25 1769 179 1851 obiciant,
203 1768 292 1836 nulla
314 1770 388 1835 boni
410 1787 477 1852 spe.
524 1768 657 1836 classem
673 1770 791 1853 quippe
814 1773 847 1836 et
867 1769 941 1835 avia
955 1768 1076 1836 Oceani
1097 1787 1194 1851 quae·

26 1875 101 1957 sita,
130 1895 173 1942 ne
196 1877 265 1959 quis
287 1875 486 1942 venientibus
514 1879 705 1958 occurreret,
733 1894 773 1941 ne
795 1875 906 1957 pulsos
932 1878 1109 1958 premeret:
1137 1876 1194 1941 sed

29 1981 84 2048 ubi
107 1981 294 2047 miscuerint
316 1999 437 2062 manus,
468 1982 562 2047 inane
585 1981 675 2047 victis
702 1986 871 2048 ventorum
898 1999 1096 2047 remommve
1119 1981 1193 2047 sub-

29 2087 158 2154 sidium.
203 2087 421 2154 meminissent
448 2088 540 2154 modo
571 2087 735 2169 avaritiae,
771 2087 976 2171 crudelitatis,
1007 2089 1191 2170 superbiae:
1213 2103 1246 2153 10

32 2194 120 2259 aliud
154 2193 215 2259 sibi
248 2192 405 2275 reliquum
437 2211 531 2276 quam
563 2198 674 2260 tenere
706 2192 888 2260 libertatem
922 2197 979 2260 aut
1007 2195 1088 2260 mori
1117 2199 1192 2261 ante

32 2298 221 2366 servitium?

123 2410 173 2472 16.
208 2403 260 2472 Sic
281 2423 432 2472 accensos
461 2410 495 2471 et
516 2405 672 2488 proelium
699 2412 868 2488 poscentes
898 2406 930 2470 in
954 2423 1109 2488 campum,
1141 2408 1192 2473 cui

34 2510 198 2578 ldisieviso
213 2528 337 2593 nomen,
362 2511 531 2579 deducunt.
576 2510 605 2578 is
620 2512 744 2578 medius
758 2512 844 2578 inter
859 2512 1021 2595 Visurgim
1037 2517 1070 2578 et
1085 2512 1190 2594 eolles,

71 2689 111 2741 14.
145 2686 183 2741 ad
217 2687 346 2756 impetum
380 2685 503 2742 aolidem
538 2687 612 2743 auch
665 2727 694 2745 ..
713 2691 793 2742 ortus
818 2686 869 2742 auf
885 2686 930 2742 die
949 2687 997 2744 des
1016 2687 1149 2744 Vitellius
1167 2691 1189 2757 1,
1209 2693 1244 2745 70

38 2774 124 2830 Germ.
135 2777 159 2828 4.
177 2775 229 2832 Die
239 2775 367 2845 folgende
382 2774 559 2844 Sohilderung
572 2775 611 2831 ist
664 2774 717 2830 Die
727 2775 992 2845 Verbindungterpo
1005 2777 1159 2834 ..obiciant
1169 2778 1245 2834 kann

37 2862 185 2918 rhetorisch
195 2865 387 2932 ubertrieben3
400 2864 455 2933 vgl.
465 2863 610 2923 Germtii.
663 2863 707 2919 als
724 2864 819 2920 Ironie
836 2865 913 2920 nicht
929 2863 1070 2924 auffallen.

73 2954 113 3006 16.
132 2949 255 3006 emersio
271 2951 335 3012 Abl.
347 2952 406 3008 abs.
425 2952 474 3008 des
486 2953 610 3008 substan·
700 2958 723 3009 7.
742 2952 844 3022 quippe
869 2952 996 3022 Stellung
1019 2955 1071 3009 wie
1094 2954 1116 3021 1,
1140 2956 1184 3009 47.
1209 2984 1244 2996 -

38 3039 161 3094 tivierten
185 3041 282 3096 Neutr.
305 3041 370 3111 Adj.
397 3046 466 3096 statt
490 3040 611 3096 adversis
664 3041 729 3095 avia
745 3041 797 3110 vgl.
816 3058 851 3097 zu
869 3041 903 3096 Κ.
922 3043 939 3096 5
956 3041 1088 3110 ignotam.

40 3128 119 3195 robae,
143 3129 192 3184 wia
211 3129 274 3187 hist.
293 3130 315 3197 Ι,
334 3134 351 3185 7
368 3130 424 3185 und
442 3132 476 3185 69
494 3129 610 3197 rubium
698 3133 723 3185 8.
747 3145 782 3184 ae
805 3171 832 3185 ..
854 3144 898 3197 oe,
925 3130 993 3185 tiber
1021 3129 1066 3186 die
1093 3133 1245 3201 Anaphora

39 3215 68 3284 V,
87 3217 119 3270 15
133 3216 282 3284 prosperis.
320 3217 378 3272 Der
397 3217 460 3273 Abl.
479 3217 610 3272 wechselt
663 3218 717 3286 vgl.
736 3218 760 3287 I,
780 3221 821 3273 10.
850 3247 881 3258 -
908 3217 1090 3274 omonimus:
1115 3220 1174 3290 ,aui
1193 3222 1243 3278 der

40 3305 84 3359 mit
100 3306 178 3360 inter.
662 3306 768 3365 Fahrt‘.

73 3396 113 3448 19.
134 3391 225 3460 patrio
243 3392 395 3462 patruique
421 3391 526 3450 Drusus
553 3393 609 3448 und
701 3399 742 3454 ll.
770 3394 858 3462 aliud,
889 3395 1026 3453 indirekte
1052 3396 1144 3467 Frage
1171 3389 1243 3454 ohne

42 3480 159 3536 Tiberius
172 3480 293 3550 drangen
310 3482 353 3538 bis
365 3498 401 3537 an
415 3482 458 3538 die
470 3481 541 3538 Elbe
552 3498 609 3538 vor.
663 3483 796 3554 Partikel,
815 3484 866 3540 wie
878 3483 953 3554 XIV,
963 3488 995 3539 61
1014 3485 1095 3540 maile
1108 3486 1243 3554 poputum

94 3621 158 3694 Καρ.
176 3621 217 3680 15.
243 3621 317 3681 m
333 3621 383 3682 g„
399 3623 551 3682 mu·
663 3573 819 3628 Romam
836 3614 860 3633 .,
877 3571 995 3628 imma

72 3715 95 3766 3.
117 3709 231 3765 Variani
242 3711 385 3780 maan,
398 3712 530 3768 alsuenn
542 3712 626 3768 Gem-
662 3715 730 3788 Kep.
750 3714 782 3773 16
794 3713 813 3773 f.
849 3714 979 3774 Sthlaoht
1002 3713 1053 3772 auf
1072 3713 1136 3773 dem
1158 3715 1243 3778 runo

44 3799 154 3854 manicas
189 3815 242 3854 nur
273 3799 325 3855 den
363 3800 411 3855 der
441 3801 607 3869 Niederlage
871 3801 1029 3861 ffleierito.

45 3895 219 3958 entgangenen
245 3888 307 3944 Teii
334 3889 383 3945 des
406 3889 607 3946 Varianischen
697 3898 721 3950 1.
738 3907 863 3962 campros
872 3890 1242 3951 wahuscheinlichzwischen

45 3976 136 4034 Heeres
151 3975 251 4036 flihrte.
661 3981 721 4037 dem
740 3980 837 4038 Sintoi
860 3981 917 4036 und
935 3980 985 4036 der
1002 3981 1074 4037 nach
1091 3982 1195 4039 Vlotho
1213 3985 1242 4040 in

74 4070 97 4121 4.
114 4064 265 4120 adminuere
283 4065 305 4134 I,
324 4067 368 4120 40.
519 4142 521 4146 Ι
660 4070 750 4124 einem
767 4069 862 4138 Bogen
880 4070 1116 4139 vorspringenden
1134 4072 1241 4133 Weser.

74 4156 97 4212 t.
113 4152 250 4208 induerint
262 4153 316 4221 vgl.
325 4154 347 4222 I,
357 4155 392 4208 69
401 4153 496 4210 munio
504 4155 606 4213 indue.
695 4161 720 4212 2.
739 4157 1017 4214 Idiaa'aoe'eowirdals
1027 4159 1241 4215 Elfenwiese

47 4257 150 4311 —parc
165 4283 190 4298 ..
210 4247 287 4312 torpa
305 4242 487 4299 beziehtsioh
500 4243 607 4300 auidie
659 4245 800 4314 gedeutet.
835 4247 947 4314 Andere
974 4245 1051 4302 lesen
1077 4244 1240 4305 Idistaviso.

48 4330 161 4386 Soldaten
179 4330 227 4387 des
246 4331 348 4388 Oacina
366 4333 388 4403 1,
406 4334 521 4401 63-69,
534 4348 607 4402 pora
659 4334 815 4391 Jedenialls
843 4335 920 4391 steht
947 4350 977 4390 es
1007 4335 1045 4390 im
1071 4335 1240 4404 Nominativ,

90 4435 177 4480 Tacitus
190 4436 307 4481 Annalem
1119 4445 1134 4497 7
