2972 4824
538 242 622 301 Liber
640 243 661 300 1.
690 244 756 316 Cap.
776 245 816 301 19.
1240 234 1280 296 27

64 407 133 456 una
163 393 231 456 tres
253 388 376 472 aquilas
407 395 441 457 et
462 389 555 473 signa
576 388 754 456 cohortium
775 389 900 469 locent;
933 385 1029 455 simul
1051 395 1231 472 congerunt

66 495 237 578 caespites,
260 499 428 561 exstruunt
449 494 601 576 tribunal,
624 513 686 577 quo
702 495 804 577 magis
827 494 998 575 conspicua
1021 496 1114 561 sedes
1137 493 1229 562 foret.

64 599 315 684 properantibus
336 600 469 666 Blaesus
491 600 631 680 advenit,
655 599 904 682 increpabatque
926 618 965 666 ac
988 600 1145 667 retinebat
1167 601 1231 666 sin-

64 706 172 788 gulos,
202 705 369 774 clamitans
406 724 496 786 „meu
522 706 628 788 potius
662 705 761 772 caede
787 705 919 771 imbuite
947 724 1079 774 manus:
1113 706 1231 772 leviore

65 810 189 894 flagitio
220 811 362 894 legatum
390 811 586 880 interficietis
620 830 715 894 quam
748 811 791 878 ab
823 812 1017 894 imperatore
1046 813 1230 881 desciscitis.
1251 830 1285 884 ιο

66 924 127 984 aut
150 918 315 985 incolumia
337 917 430 984 fidem
453 918 615 1002 legionum
634 919 786 1001 retinebo,
808 922 865 983 aut
886 917 1048 1000 iugulatus
1069 919 1232 1001 paeniten-

63 1025 148 1090 tiam
170 1024 387 1092 adcelerabo.“

162 1135 211 1196 19.
234 1131 459 1214 Aggerabatur
474 1129 573 1196 nihilo
588 1129 692 1195 minus
708 1146 839 1211 caespes
854 1129 979 1211 iamque
993 1129 1118 1212 pectori
1133 1147 1234 1211 usque

66 1235 266 1317 adcreveret,
301 1255 372 1304 cum
405 1235 534 1302 tandem
568 1235 749 1318 pervicacia
781 1235 858 1301 victi
890 1236 1054 1317 inceptum
1088 1236 1231 1302 omisere.

66 1341 203 1408 Bleesus
225 1342 326 1408 multa
349 1341 474 1408 dicendi
495 1346 566 1406 arte
587 1359 651 1408 non
673 1359 731 1423 per
749 1341 936 1407 seditionem
959 1346 992 1406 et
1014 1342 1127 1407 turbas
1150 1341 1233 1406 desi-

67 1446 162 1512 deria
183 1445 319 1512 militum
342 1448 385 1513 ad
407 1444 576 1513 Gaesarem
598 1445 730 1512 ferenda
751 1446 806 1527 uit,
836 1464 940 1528 neque
963 1450 1088 1512 veteres
1112 1447 1233 1513 abim-

66 1553 271 1636 peratoribus
293 1553 405 1636 priscis
427 1570 529 1634 neque
551 1553 639 1636 ipsos
660 1570 682 1617 a
703 1551 776 1618 divo
790 1552 935 1635 Augusto
958 1557 1025 1617 tam
1047 1571 1130 1618 nove
1151 1553 1268 1635 peti-s

66 1659 172 1740 visse3
196 1663 230 1726 et
251 1678 365 1741 pamm
387 1659 421 1724 in
440 1663 584 1740 tempore
605 1657 791 1739 incipientes
806 1658 957 1741 principis
980 1676 1072 1724 curos
1095 1659 1232 1727 onerari

66 1764 98 1829 si
122 1771 229 1830 tamen
250 1764 419 1830 tenderent
440 1764 474 1829 in
495 1782 574 1846 pace
596 1768 754 1846 temptare
776 1781 859 1845 quae
881 1782 921 1829 ne
944 1763 1083 1830 civilium
1106 1765 1234 1845 quidem

67 1869 226 1936 bellorum
250 1871 386 1937 victores
409 1863 688 1952 expostulaverint
720 1887 778 1935 cur
801 1874 913 1935 contra
935 1888 1056 1936 morem
1079 1870 1232 1952 obsequii,

68 1980 185 2042 contra
199 1973 247 2042 fas
262 1975 447 2058 disciplinae
456 1974 521 2040 rim
536 1972 754 2040 meditentur?
776 1975 983 2041 decernerent
996 1975 1122 2057 legatos
1137 1993 1234 2058 seque

69 2099 179 2148 coram
201 2081 353 2147 mundata
374 2080 498 2154 darem
545 2079 764 2147 adclamavere
792 2085 829 2146 ut
850 2077 933 2145 filius
956 2080 1062 2147 Blaesi
1085 2081 1233 2147 tribunus
1252 2101 1286 2154 10

108 2329 133 2382 6.
152 2325 263 2395 aquam
281 2327 332 2382 der
349 2325 492 2382 einzelnen
503 2325 652 2394 Legionem
742 2329 768 2384 6.
788 2341 893 2394 parum
908 2325 941 2380 ia
957 2329 1075 2394 tempore
1091 2351 1127 2372 =
1144 2343 1200 2385 non
1218 2328 1287 2384 satie

108 2418 134 2472 8.
149 2415 365 2483 properantibus
381 2416 454 2470 kunn
467 2415 508 2470 als
521 2413 652 2470 Abbabn.
706 2421 865 2484 opportuno
887 2421 1020 2484 tempore.
1058 2415 1121 2484 Vgl.
1137 2417 1207 2472 omia
1223 2422 1287 2472 too

69 2503 133 2574 (mit
151 2503 214 2558 dem
231 2502 412 2571 allgemainen
430 2503 561 2572 Subjekte
578 2517 653 2569 mon,
702 2518 773 2571 pore
798 2503 855 2559 Cic.
873 2502 936 2559 fanu
960 2503 1009 2572 XI,
1029 2508 1054 2574 1,
1072 2507 1098 2558 4.
1134 2504 1201 2560 Tac.
1225 2511 1288 2574 sapt

70 2591 126 2660 vgl.
139 2591 172 2645 K.
185 2590 213 2660 b)
232 2590 381 2646 odaraucb
396 2589 438 2646 als
452 2590 533 2646 Datin
551 2588 653 2658 gerasa
706 2607 760 2645 nur
786 2590 818 2645 o'n
840 2595 861 2646 t.
888 2619 923 2632 -
955 2606 1085 2646 enorme:
1116 2593 1287 2663 laniger,

69 2679 188 2736 werden
232 2679 283 2733 Ale
310 2678 412 2749 Objelrt
442 2679 479 2733 ist
508 2693 561 2733 auo
592 2677 654 2732 dem
705 2685 818 2747 arger
842 2680 1001 2748 mouban,
1026 2681 1078 2735 mit
1104 2695 1188 2737 moe
1214 2682 1287 2738 anob

69 2768 187 2837 rorigen
204 2767 329 2821 inbuant
352 2784 387 2822 nu
404 2766 519 2834 deulren,
544 2781 575 2822 so
593 2764 653 2820 duis
705 2767 771 2823 hist
788 2767 825 2838 Π,
843 2767 887 2822 52.

71 2871 104 2912 es
122 2854 167 2909 for
184 2853 305 2909 emoto
322 2853 525 2909 nummus
543 2852 625 2908 sone
742 2876 768 2931 r.
807 2871 949 2926 ceuceu
994 2873 1084 2929 nonen
1123 2872 1288 2929 mensur

108 2947 134 2998 9.
161 2942 260 2998 lecim
281 2942 388 3012 flopstio
416 2982 444 2996 ··
467 2939 654 3006 Mem*
706 2959 838 3016 Wecbaal
865 2960 914 3015 der
938 2959 1074 3030 Tempora
1103 2961 1191 3018 durch
1218 2961 1287 3018 Ver-

70 3033 118 3089 ein
136 3029 443 3098 leichteresVergeben
460 3027 571 3084 nirden
584 3029 654 3095 sein,
706 3048 829 3118 bindung
851 3064 904 3103 von
928 3049 994 3104 mi
1019 3049 1111 3119 gresch
1132 3049 1287 3119 manage„

69 3138 108 3176 zu
126 3125 214 3175 toten.
707 3136 827 3191 Formen
837 3135 887 3191 der
895 3135 1159 3207 Bedingumgssbtze.
1177 3137 1214 3194 So
1226 3139 1287 3195 bier

110 3213 153 3263 10.
176 3207 303 3277 tapetum,
326 3222 379 3261 von
399 3205 451 3261 den
468 3203 655 3261 kaiserlicben
708 3223 754 3279 pie
779 3223 927 3293 Mpgchung
949 3223 999 3278 (101-
1022 3224 1155 3282 pompm
1184 3226 1210 3280 ,ς
1230 3231 1287 3281 tm.

71 3297 226 3353 Prorinzen
243 3295 339 3350 butten
358 3293 402 3350 die
413 3293 557 3364 gnosceren
576 3294 656 3348 einen
708 3312 811 3379 pm,
828 3311 1026 3366 muamus
1050 3312 1106 3368 und
1122 3313 1149 3367 32·
1165 3313 1287 3383 emaum,

70 3385 181 3455 loqutus
200 3398 257 3452 pro
278 3388 418 3452 praetore,
445 3381 488 3437 die
514 3380 656 3436 kleineren
707 3399 878 3454 mamus,

73 3474 155 3530 einen
172 3475 356 3540 procuratam
385 3469 427 3524 die
446 3469 655 3524 senatoriscben
744 3509 769 3560 3·
796 3505 969 3574 We
997 3507 1042 3562 bei
1068 3506 1100 3562 T·
1131 3507 1204 3563 mer
1233 3523 1287 3564 m

71 3560 224 3617 Provinzen
242 3558 359 3615 standen
376 3567 459 3614 unter
471 3557 655 3612 Prokonaulrn
708 3593 796 3648 emm
814 3593 983 3662 &iumen
1003 3593 1168 3664 peplum
1186 3625 1222 3634 ,
1239 3597 1287 3651 ob,

109 3702 157 3772 19,
178 3705 202 3757 1,
224 3698 331 3769 pm
347 3715 432 3769 ηιμ
449 3723 486 3744 ..-
502 3697 539 3754 211
557 3703 655 3767 pectus
708 3681 831 3749 monium
854 3683 904 3739 der
922 3683 1101 3740 militanische
1119 3684 1286 3752 (leborsamc

72 3805 171 3859 usque,
709 3785 741 3826 80
758 3770 831 3825 such
848 3771 883 3826 K.
899 3773 944 3827 28.
962 3775 1005 3826 40.
1023 3775 1057 3827 43
1075 3789 1102 3828 u.
1120 3777 1146 3832 ὃ.

108 3883 135 3933 2.
159 3875 315 3932 adoreum
339 3892 362 3930 o
382 3874 437 3930 dat
459 3891 508 3929 rur
525 3874 656 3930 Beneicb·
744 3878 769 3930 9,
787 3875 959 3931 mmm
977 3917 1004 3932 Η
1021 3875 1122 3932 dmg
1139 3877 1189 3934 de,
1204 3879 1287 3950 Μ,

74 3983 151 4036 rung
176 3964 225 4020 des
242 3964 375 4034 Punlrtes,
402 3962 445 4018 bis
469 3979 504 4018 zu
526 3963 656 4019 nelobem
709 3963 789 4035 lmpt
819 3981 870 4020 nur
896 3964 1088 4036 Bezeiebnung
1117 3967 1192 4023 einer
1218 3967 1287 4022 Ani·

73 4063 159 4112 etwaa
178 4052 389 4123 cmporwschat
407 4049 494 4106 findet
505 4051 566 4108 sich
578 4058 657 4108 sonat
710 4051 862 4121 forderung
883 4053 912 4108 in
935 4053 1015 4108 indir.
1039 4054 1116 4110 Bede
1143 4061 1215 4110 statt
1238 4056 1288 4111 den

74 4143 159 4213 nieht,
183 4140 256 4197 wohl
279 4141 348 4198 aber
375 4141 404 4195 in
427 4138 476 4194 der
494 4139 657 4209 Bedentung
709 4139 792 4210 Konj.
812 4141 890 4196 Prts
916 4140 984 4197 oder
1010 4141 1059 4198 dea
1078 4144 1239 4212 lmperative
1257 4143 1286 4198 in

74 4230 285 4286 bimembres
303 4227 370 4285 oder
387 4227 604 4284 hinzukomen.
710 4228 841 4284 direkter.
851 4258 885 4268 -
902 4244 930 4284 ee
942 4243 1043 4298 coram,
1061 4230 1287 4302 dieAnamphe

111 4322 137 4380 3.
154 4317 244 4384 indta
255 4323 316 4372 orte
330 4316 391 4373 Abl.
404 4317 478 4386 qual.
492 4333 545 4386 per
557 4317 656 4372 medab
710 4335 764 4373 nur
782 4319 811 4373 in
829 4317 883 4373 den
901 4318 1036 4374 Annulen.
