2972 4824
480 211 822 318 mmmmm
928 211 932 218 ⁴
1214 241 1253 302 ω

32 407 171 468 nomen,
196 390 347 469 ordinem,
371 391 516 471 patriam,
540 409 702 459 numerum
718 389 955 473 stipendiorum,
978 386 1060 472 quae
1076 398 1204 461 strenue

33 496 73 560 in
99 495 228 576 proeliis
250 494 384 574 fecisset,
408 502 440 561 et
463 498 513 562 cui
528 503 620 562 erant
640 495 724 559 dona
745 494 905 575 militaria,
931 495 1055 562 edebat.
1101 499 1128 562 si
1147 499 1204 563 tri·

35 602 131 681 buni,
165 602 193 666 si
216 601 297 682 legio
320 603 508 668 industriam
540 600 812 680 innocentiamque
836 602 1099 684 adprobaverunt,
1130 604 1204 670 reti·
1222 625 1257 677 20

33 707 145 772 nebat
168 706 324 772 ordinem:
348 707 401 772 ubi
421 709 586 774 avaritiam
609 712 666 770 aut
688 704 910 772 crudelitatem
926 725 1079 774 consensu
1101 709 1204 775 obiec-

32 813 210 892 tavissent,
234 813 416 878 solvebatur
438 813 561 877 militia.

135 922 187 985 45.
223 917 274 984 Sic
297 918 476 1000 compositis
500 917 719 1000 praesentibus
742 915 827 980 haud
849 918 951 982 minor
974 918 1072 984 moles
1095 937 1205 1001 super·

32 1029 115 1087 erat
139 1022 178 1087 ob
201 1022 348 1090 ferociam
371 1025 499 1106 quintae
521 1028 554 1088 et
576 1023 839 1088 unetvicensimae
861 1022 1031 1104 legionum,
1054 1043 1204 1107 sexagen·

34 1129 158 1191 simum
190 1129 275 1210 opud
306 1129 440 1210 lapidem
471 1127 553 1215 (loco
576 1128 695 1193 Vetera
720 1145 833 1192 nomen
864 1124 926 1213 est)
961 1127 1203 1204 hibernandum,

34 1251 117 1296 nam
157 1233 250 1314 primi
284 1233 468 1299 seditionem
508 1233 750 1311 coaptaverunt:
787 1231 1020 1298 atrocissimum
1059 1235 1203 1312 quodque

32 1335 167 1402 facinus
195 1339 307 1404 borum
341 1340 483 1404 manibus
516 1338 697 1416 patratum3
732 1353 790 1400 nec
822 1353 925 1416 poena
958 1334 1237 1410 commilitonum5

34 1445 188 1509 exterriti
211 1464 269 1511 uec
285 1442 480 1526 paenitentia
498 1441 640 1506 conversi
655 1441 720 1506 iras
736 1439 927 1510 retinebant.
973 1441 1069 1522 igitur
1085 1438 1204 1506 Caesar

31 1568 134 1614 arma
149 1550 279 1615 classem
295 1547 395 1613 socios
412 1546 577 1612 demittere
592 1545 702 1612 Rheno
723 1549 826 1626 parat,
850 1544 878 1611 si
893 1546 1057 1627 imperium
1081 1546 1203 1612 detrec-

32 1663 141 1734 tetur,
164 1654 246 1718 bello
270 1658 459 1718 certaturus.

133 1762 185 1822 46.
215 1759 258 1822 At
280 1759 398 1823 Romae
419 1757 559 1822 nondum
583 1756 718 1838 cognito,
741 1755 794 1837 qui
816 1753 929 1821 luisset
951 1757 1052 1820 exitus
1075 1757 1108 1821 in
1130 1757 1203 1840 Illy·

33 1867 119 1943 rico,
152 1869 185 1928 et
206 1863 364 1944 legionum
387 1863 645 1928 Germanicarum
673 1867 761 1927 motu
784 1861 904 1942 audito,
936 1862 1062 1943 trepida
1092 1862 1203 1928 civitas

33 1973 191 2035 incusare
217 1968 376 2034 Tiberium
406 1969 497 2051 quod,
533 1970 606 2034 dum
638 1972 744 2050 patrea
774 1972 808 2032 et
842 1965 974 2047 plebem,
1010 1966 1148 2032 invalida
1172 1974 1203 2032 et

36 2179 83 2218 sc.
111 2164 241 2229 centurio,
268 2162 386 2217 welches
416 2177 465 2216 aus
488 2161 623 2216 centurio·
676 2157 760 2213 Ortes
787 2158 837 2212 hat
865 2157 923 2212 sich
950 2157 1075 2213 erhalten
1103 2159 1130 2213 iu
1157 2158 1256 2214 Birtea

35 2255 129 2304 natus
146 2267 180 2304 zu
199 2249 370 2304 eutnehmeu.
676 2246 793 2315 (Betera,
813 2245 965 2314 Bourtina),
983 2263 1026 2301 wo
1039 2250 1180 2316 Augustus
1193 2249 1255 2305 teils

81 2337 623 2406 rsmdmem:Haeresabteilung,1s0m-
675 2335 703 2388 in
723 2335 772 2388 der
790 2335 896 2404 Ebane,
923 2334 987 2390 tells
1010 2351 1054 2390 am
1073 2335 1256 2406 desbbauge

36 2427 153 2498 pagnie.
677 2423 724 2477 des
744 2423 966 2492 Fdrstenberges
985 2423 1063 2491 (hist.
1081 2425 1129 2494 IV,
1147 2427 1193 2493 23)
1212 2426 1255 2480 eiu

80 2519 124 2568 20.
148 2513 305 2567 innocentio
331 2514 368 2567 im
393 2513 564 2582 Gegeusatze
588 2531 623 2568 zu
676 2511 767 2578 hager
780 2511 1256 2583 furauegionenanlegtmspatcr,

35 2601 543 2659 avadtuissEnchaltsamkait.
561 2602 623 2671 Vgl.
675 2599 816 2654 vielleicht
839 2608 898 2655 erst
920 2605 1003 2655 canter
1021 2599 1135 2670 Trajan,
1162 2602 1256 2658 narde
1278 2601 1282 2613 '

36 2689 466 2760 Agarosaaoceaaltoumaa..
481 2691 623 2746 caritatem
677 2686 725 2741 das
747 2704 799 2742 nur
825 2688 896 2742 noch
922 2687 967 2742 fdr
993 2688 1053 2744 eine
1078 2689 1184 2758 legion
1211 2691 1256 2747 be·

32 2783 200 2850 pascuost.
213 2807 247 2818 -
259 2778 391 2832 retinebat
403 2777 526 2832 ordinem
543 2780 623 2848 aeigt,
675 2776 793 2830 stimmte
804 2776 895 2844 Lager
912 2792 947 2832 au
964 2777 1007 2832 die
1019 2776 1104 2832 stelle
1122 2778 1170 2833 des
1188 2780 1255 2834 heu-

37 2869 105 2924 dals
119 2865 163 2921 die
174 2865 302 2921 frdhereu
317 2865 499 2921 Centurioneu
518 2867 561 2922 bei
574 2867 622 2924 der
674 2865 747 2932 tigen
766 2865 876 2920 Xanten
901 2864 1020 2932 (colonis
1044 2863 1174 2936 Traiana)
1195 2881 1254 2921 ver·

36 2959 215 3022 Erneunung
244 2955 379 3009 suadebat
406 2955 622 3024 berdeksicbtigt
674 2952 739 3022 legt.

36 3044 165 3100 wurdeu.
709 3044 736 3096 4.
750 3041 837 3108 priam
854 3040 908 3108 agl.
926 3039 961 3094 Κ.
980 3042 1021 3096 31.

79 3136 124 3186 21·
143 3129 191 3184 “bl
207 3131 257 3184 Μὴ
271 3129 332 3185 dem
342 3129 565 3186 bflifflflmfflfflffl
577 3148 622 3200 80·
710 3149 735 3200 6.
750 3145 923 3213 paenitentia
933 3145 1068 3199 oenomai:
1081 3144 1168 3200 durch
1178 3145 1254 3202 Reus

37 3219 239 3276 braucblicben
251 3217 423 3286 Konjunktiu
441 3219 622 3275 derWieder·
675 3231 882 3302 umgewandffl,
901 3233 980 3301 reuig
996 3233 1142 3300 gestamme,

37 3309 148 3375 holong
165 3305 230 3375 (Wil-
250 3310 317 3376 ΑΒΓ·
336 3308 365 3372 9)
390 3307 478 3362 ”eben
496 3308 556 3362 dem
579 3309 622 3364 bei
711 3324 735 3375 7.
754 3336 833 3374 arma
842 3319 887 3388 (K.
897 3323 925 3387 7)
938 3320 966 3373 iu
977 3320 1068 3376 dieser
1078 3320 1254 3390 Verbindung

37 3399 67 3453 Si
88 3394 279 3464 regelrechteu
299 3394 441 3450 Illffiksttiv.
677 3410 720 3466 die
738 3411 884 3478 Legionem
904 3438 936 3449 .-
956 3408 1066 3463 classem
1084 3425 1122 3464 30,
1142 3409 1253 3465 Germa.

80 3502 172 3571 45,1.
201 3500 295 3555 moles:
315 3502 374 3556 eine
395 3501 547 3556 schwere
567 3504 622 3556 Ar·
676 3500 764 3552 nicam
789 3498 865 3566 (bist.
883 3499 905 3564 1,
924 3501 970 3569 58)
994 3499 1037 3554 die
1061 3514 1113 3554 uon
1138 3498 1253 3567 Drusus,

38 3592 129 3646 beit.
165 3588 227 3658 Vgl.
246 3589 329 3658 Verg.
349 3592 417 3644 Aen.
436 3590 512 3658 1,33
531 3594 623 3645 tautam
678 3589 738 3643 dem
761 3588 847 3641 Vater
871 3585 919 3640 des
941 3586 1126 3654 Germanicus,
1151 3585 1252 3640 enrich-

38 3678 123 3734 molis
143 3683 203 3732 erat
215 3677 365 3732 Romanam
377 3677 495 3732 condere
507 3685 623 3745 gentem.
676 3684 734 3731 tete
753 3673 929 3730 Rbeinilotte.
951 3703 985 3713 -
1014 3673 1040 3727 si
1057 3713 1082 3729 ..
1100 3677 1253 3728 certaturus

79 3773 104 3822 2.
124 3766 337 3836 seeayeasimam
346 3765 422 3833 apud
433 3765 551 3833 lapidem
563 3782 622 3822 vom
676 3763 710 3819 Κ.
730 3767 773 3820 17.

41 3855 266 3924 Hauptquartier
296 3853 344 3909 des
375 3853 554 3909 Germanicus
589 3870 624 3910 zu

40 3946 127 4000 Kblu.
710 3941 757 4010 eo,
776 3943 801 3995 3.
824 3938 949 3993 inualida
970 3942 995 3992 et
1021 3938 1138 3992 inermia
1165 3940 1253 3995 subst.

78 4038 105 4088 3.
131 4031 228 4086 Vetera
249 4031 286 4085 ist
309 4029 474 4100 Substantia,
502 4029 537 4084 da
559 4029 624 4088 Tac.
677 4026 1062 4098 Alb.ueutr.alsdpposition
1075 4025 1252 4082 zulebeuden

42 4139 94 4177 uur
119 4121 163 4174 ein
187 4119 294 4175 solebas
318 4119 363 4174 bei
379 4134 476 4172 nomen
493 4123 532 4172 est
554 4134 623 4187 ganz
676 4119 778 4173 Wesen
801 4116 969 4184 gewdhulich
991 4117 1018 4170 in
1042 4116 1252 4171 verachtlichem

42 4209 217 4281 gewdhnlich
242 4209 271 4262 iu
296 4207 349 4262 den
373 4207 529 4262 Nominativ
552 4213 624 4262 setzt
677 4204 769 4261 Sinus.
799 4203 1251 4274 Wirldgeueiucntsprscbendes

44 4299 109 4370 (egl.
124 4297 201 4352 K.3l
217 4296 372 4365 superiori).
409 4295 465 4350 Der
477 4295 563 4350 Numa
576 4295 623 4349 des
677 4293 768 4348 Subst.
791 4293 883 4358 hinnu,
910 4293 1040 4347 maistans
1064 4291 1164 4360 Ding,
1191 4293 1252 4349 hier

1114 4397 1145 4451 4*
