2934 4818
215 240 257 304 82
644 221 732 302 'aruer
751 247 772 306 1.
800 198 866 316 esp.
885 249 927 306 ro.
946 251 988 304 rr.

267 391 414 476 cupidine
446 390 624 456 severitatis
659 390 692 454 in
725 391 763 455 iis
797 390 893 455 etiam
925 408 1009 472 quae
1040 391 1100 458 rite
1126 390 1254 458 laceret
1290 395 1438 460 acerbus.

265 498 350 563 unde
378 497 477 563 ceteri
507 495 667 560 silentium
690 500 723 560 et
745 500 964 577 paupertatem
994 495 1180 561 confessioni
1211 503 1247 562 et
1283 497 1440 564 beneficio

215 624 246 677 15
265 619 489 688 praeposuere.

356 712 406 772 76.
446 706 566 771 Eodem
589 723 671 770 amm
695 705 850 771 continuis
873 706 1028 772 imbribus
1052 712 1163 773 auctus
1186 707 1320 776 Tiberis
1345 710 1441 792 plana

264 815 352 880 urbis
375 818 595 894 stagnaverat;
619 812 814 877 relabentem
837 817 946 878 secuta
968 819 1018 878 est
1034 813 1251 879 aedificiorum
1279 821 1316 881 et
1341 817 1440 882 honri·

265 939 341 985 num
368 924 498 999 strages.
544 918 641 1000 igitur
671 918 795 983 censuit
824 918 952 984 Asinius
976 919 1088 985 Gallus
1117 926 1153 984 ut
1180 920 1258 986 libri
1291 922 1440 988 Sibullini

265 1025 436 1091 adirentur.
469 1023 574 1088 renuit
592 1023 747 1100 Tiberius,
771 1025 902 1105 perinde
919 1026 1022 1090 divina
1038 1025 1243 1108 humanaque
1259 1029 1438 1111 obtegens:

229 1130 321 1206 ssed
343 1130 516 1196 remedium
541 1129 707 1194 coercendi
730 1127 868 1194 fluminis
883 1129 975 1196 Ateio
992 1130 1138 1213 Capitoni
1162 1136 1195 1196 et
1217 1131 1253 1195 L.
1282 1135 1439 1198 Arruntio

264 1236 457 1301 mandatum.
505 1233 658 1299 Achaiam
682 1253 719 1299 ac
743 1233 959 1300 Macedoniam
982 1253 1080 1300 onera
1102 1235 1314 1317 deprecantis
1340 1239 1439 1304 levari

264 1341 297 1406 in
329 1357 479 1424 praesens
524 1339 742 1421 proconsulari
775 1341 906 1421 imperio
944 1341 1090 1423 tradique
1128 1340 1263 1412 Caesari
1307 1343 1436 1426 placuit.

264 1447 394 1511 edendis
423 1444 662 1527 gladiatoribus,
697 1462 774 1525 quos
798 1444 979 1510 Germanici
1009 1444 1118 1511 fratris
1148 1465 1187 1512 ac
1218 1465 1283 1513 suo
1312 1451 1438 1514 nomine

264 1551 433 1629 obtulerat,
471 1549 595 1614 Drusus
626 1549 796 1632 praesedit,
833 1568 1022 1632 quamquam
1056 1552 1111 1616 vili
1144 1553 1313 1633 sanguine
1349 1557 1438 1622 nimis

213 1680 246 1732 10
264 1658 422 1740 gaudens3
445 1657 528 1737 quod
552 1655 588 1719 ia
612 1655 722 1736 vulgus
744 1655 982 1722 formidolosum
1005 1663 1039 1723 et
1060 1661 1152 1740 pater
1173 1659 1333 1740 arguisse
1359 1663 1438 1727 dice

263 1763 367 1830 batur.
415 1779 469 1827 cur
500 1760 691 1826 abstinuerit
717 1762 898 1842 spectaculo
930 1764 1005 1844 ipse,
1038 1763 1125 1828 varie
1154 1763 1357 1845 trahebant;
1391 1767 1437 1832 alii

264 1868 370 1934 taedio
396 1872 515 1946 coetus,
547 1866 674 1948 quidam
698 1867 828 1931 tristitia
858 1868 976 1950 ingenii
1006 1872 1039 1933 et
1062 1874 1149 1932 metu
1177 1873 1437 1951 conparationls,

264 1973 338 2055 quia
362 1973 524 2054 Augustus
556 1973 685 2036 comiter
707 1971 911 2039 interfuisset.
959 1992 1021 2037 non
1045 1973 1234 2040 crediderim
1260 1977 1310 2042 ad
1335 1983 1437 2044 osten·

263 2079 393 2145 tandarn
424 2078 588 2142 saevitiam
621 2078 854 2174 movepdasque
884 2078 994 2161 populi
1024 2076 1211 2146 offensiones
1243 2099 1437 2148 concessam

215 2207 245 2259 15
264 2183 327 2251 filio
351 2184 524 2262 materiem,
549 2201 739 2265 quamquam
762 2184 795 2248 id
818 2202 943 2265 quoque
967 2186 1084 2250 dictum
1109 2191 1167 2252 est.

354 2296 406 2357 77.
431 2291 473 2353 At
496 2289 615 2354 theatri
641 2289 778 2370 licentia,
801 2291 945 2373 proximo
968 2292 1073 2372 priore
1098 2309 1180 2356 anuo
1205 2300 1343 2374 coepta,
1371 2314 1437 2378 grs-

263 2396 332 2460 vius
363 2401 430 2459 tum
461 2394 576 2476 erupit,
611 2395 720 2460 occisis
753 2414 815 2460 non
847 2396 939 2460 modo
970 2395 1103 2477 eplebe
1129 2397 1187 2461 sed
1210 2396 1381 2465 militibus
1411 2407 1436 2466 et

264 2500 456 2576 centurione,
484 2499 651 2564 vulnerato
675 2500 803 2565 tribuno
827 2502 1005 2582 praetoriae
1029 2501 1177 2579 cohortis,
1209 2502 1287 2566 dum
1317 2508 1437 2587 probra

265 2608 297 2671 iu
321 2607 528 2688 magistratus
552 2612 585 2671 et
608 2606 834 2674 dissensionem
857 2607 945 2687 vulgi
968 2606 1146 2689 prohibent.
1192 2610 1304 2673 actum
1334 2613 1381 2678 de
1403 2631 1436 2678 ea

209 2747 525 2762 „q-ffl

246 2821 287 2874 13.
315 2817 437 2884 acerbas,
467 2816 556 2871 indem
584 2831 614 2869 ar
642 2816 687 2870 bei
716 2817 790 2873 allen
844 2817 919 2886 XlII,
938 2820 984 2880 49;
1005 2817 1069 2871 hist.
1088 2816 1200 2887 11,95);
1219 2818 1291 2872 auch
1315 2821 1370 2878 bei
1384 2824 1433 2878 cie.

212 2907 283 2961 ohne
303 2905 486 2960 Unterschied
513 2905 540 2958 in
560 2903 791 2972 schonungsloser
843 2921 869 2974 p.
890 2905 961 2959 Mur.
981 2909 1024 2974 32,
1042 2907 1085 2960 67.

210 2995 306 3050 Weise
325 2993 377 3048 den
395 2994 422 3049 N
424 2993 539 3048 achaeis
558 2992 688 3048 forderte.
877 2997 903 3050 9.
923 3007 1086 3062 quamquam
1104 2993 1203 3060 gahdrt
1221 3009 1257 3048 au
1275 2993 1345 3055 aaa.

879 3084 920 3136 10.
933 3080 1208 3148 formidolosissimae
1219 3098 1253 3136 au
1263 3087 1434 3151 erganzenl

249 3135 294 3206 to,
314 3139 341 3190 2.
368 3139 498 3204 stagnare
516 3135 652 3202 transitis,
672 3135 721 3188 wie
740 3133 788 3188 Ov.
881 3174 921 3224 11·
939 3168 1112 3236 abstinuerit,
1132 3169 1205 3224 perf·
1219 3169 1272 3224 wie
1285 3169 1326 3226 K·
1343 3177 1391 3229 61·
1403 3205 1432 3216 ,,

212 3228 276 3278 met.
295 3222 355 3291 XV,
374 3225 426 3278 269
443 3227 575 3292 magnato
588 3221 748 3291 paladibus.
841 3257 986 3311 trahebam
1003 3256 1037 3310 K⁸
1055 3259 1097 3312 62Ι
1115 3287 1146 3298 ,,
1167 3257 1218 3311 ap„-
1237 3273 1275 3313 ⁸0·
1294 3258 1432 3319 diceban,

245 3331 271 3385 4.
288 3327 381 3382 renuit
400 3327 452 3396 vgl.
471 3345 506 3383 zu
525 3327 559 3381 K.
578 3330 594 3381 2
612 3327 738 3382 abnuere.
755 3355 789 3366 -
842 3347 1017 3402 abstinuisse,

210 3415 340 3486 0111398713»
372 3414 407 3469 (Ῑῦ
435 3430 465 3469 01
494 3415 574 3469 einen
601 3415 686 3470 ῙθῑθΜ
716 3415 789 3470 misfl·
880 3438 921 3488 12.
940 3433 1057 3486 tristitia
1065 3431 1170 3501 inpendi
1182 3434 1258 3487 steht
1269 3433 1305 3488 im
1320 3437 1431 3508 Gegan-

209 3501 409 3571 zudcutenden,
440 3501 495 3556 ihm
527 3502 612 3557 selbst
640 3503 712 3558 wohl
740 3519 789 3572 gar
843 3527 917 3576 ,me
936 3537 971 3575 zu
989 3521 1106 3575 comam,

211 3592 398 3662 uugdnstigen
409 3589 516 3659 Spruch
529 3589 657 3646 idrchtcn
671 3592 788 3646 mochte.
879 3609 924 3678 pp,
945 3613 967 3662 1,
999 3613 1029 3661 aa
1047 3608 1198 3663 vermietelt
1216 3609 1278 3663 hier
1296 3626 1361 3667 nur
1382 3615 1431 3669 den

246 3700 270 3752 15.
297 3695 396 3751 Ateius
422 3693 520 3764 Capito
546 3711 600 3750 von
629 3700 662 3752 13
687 3697 728 3752 bis
753 3699 788 3752 23
842 3683 1429 3768 llbergang.-prtorenonntefortfallen,

212 3802 239 3842 u.
259 3784 322 3839 Chr.
342 3790 455 3840 carator
471 3799 616 3853 aquaram.
842 3783 877 3838 da
891 3783 938 3838 der
948 3783 1185 3851 Zusammenhang
1198 3799 1233 3837 an
1248 3784 1296 3839 das
1309 3791 1429 3844 nitchst·

246 3876 271 3927 7.
293 3871 422 3940 tradique
444 3871 567 3938 Caesari,
593 3873 636 3927 bei
654 3871 702 3928 der
721 3872 789 3928 Ver·
841 3871 968 3939 folgende
999 3873 1069 3926 Jahr
1099 3872 1176 3926 nicht
1208 3871 1313 3928 danhen
1355 3877 1427 3932 laist

210 3959 357 4028 wandlung
387 3961 414 4014 in
443 3960 611 4016 kaiserlicha
637 3961 789 4016 Provinzen
842 3959 904 4027 Vgl.
923 3959 977 4015 Cic.
997 3977 1036 4018 or.
1055 3961 1091 4014 64
1107 3960 1252 4027 proximas
1269 3966 1411 4029 superior.

209 4055 307 4118 mogon
336 4048 451 4116 garrisse
478 4047 622 4115 Abgabcn,
650 4048 789 4104 vielleicht
877 4051 902 4105 2.
930 4047 1046 4116 eplebe,
1075 4063 1139 4101 man
1166 4049 1240 4103 kann
1267 4049 1427 4106 hominebus

209 4154 246 4196 an
266 4137 316 4191 das
334 4136 480 4202 aerarium,
498 4134 676 4204 fortgefallen
695 4135 761 4192 sein.
842 4134 910 4190 oder
927 4134 997 4189 ciris
1015 4135 1215 4194 hinandanken.

245 4229 271 4282 8.
293 4223 461 4296 gladiatores
485 4225 514 4278 in
537 4223 714 4293 Verbindung
737 4224 789 4278 mit
876 4225 902 4278 3.
918 4221 1218 4290 ρτιιεῑοήαιοοὴοτιὲε,
1232 4223 1337 4280 welche
1353 4228 1423 4283 nach

209 4314 362 4370 edcrcoder
374 4312 694 4382 dorcvondcnSpialen
712 4315 787 4379 (ann.
841 4311 919 4381 Xlll,
942 4315 976 4366 24
1005 4309 1057 4366 den
1087 4310 1197 4379 Spialen
1225 4312 1420 4370 beizuwohneu
