2934 4818
209 235 271 296 120
671 247 756 302 Liber
774 247 808 304 11.
833 247 897 316 Gap.
916 250 959 303 43.

260 385 363 454 fessus
386 389 473 455 senio
498 393 530 454 et
553 389 627 470 quia
650 389 779 471 regibus
795 408 904 472 aequa,
928 390 1045 456 nedum
1063 388 1171 455 infima
1192 388 1340 455 insolita
1354 395 1426 468 sunt,

258 492 353 560 finem
381 497 466 560 vitae
494 499 607 576 sponte
633 513 674 561 an
703 494 770 560 fato
799 495 952 578 implevit.
1004 515 1138 578 regnum
1167 497 1198 561 in
1232 497 1426 578 provinciam

259 602 423 667 redactum
439 605 496 678 est,
521 599 736 683 fructibusque
756 603 823 667 eius
840 601 938 666 levari
961 620 1055 683 posse
1071 601 1266 668 centesimae
1293 601 1427 682 vectigal

259 706 420 790 professus
444 704 562 772 Caesar
586 707 835 772 ducentesimam
857 707 890 771 in
913 714 1076 790 posterum
1099 707 1223 774 statuit.
1262 708 1427 788 peridem

205 831 242 884 20
258 818 384 894 tempus
408 812 563 879 Antiocho
587 811 883 895 Commageuorum,
908 813 1114 895 Philopatore
1138 811 1275 878 Cilicum
1302 815 1427 896 regibus

260 917 416 984 defunctis
432 920 646 984 turbabantur
661 920 815 998 nationes,
832 918 992 1000 plerisque
1003 919 1190 997 Romanum,
1214 919 1291 984 aliis
1308 921 1426 1001 regium

258 1023 427 1105 imperium
444 1025 663 1107 cupientibus,
686 1031 719 1088 et
742 1024 922 1105 provinciae
938 1023 1031 1089 Suria
1055 1030 1151 1106 atque
1168 1024 1302 1104 Iudaea,
1329 1022 1427 1088 fessae

260 1129 417 1208 oneribus,
444 1130 689 1196 deminutionem
712 1131 822 1195 tributi
847 1132 991 1197 orabant.

348 1240 401 1305 43.
425 1236 526 1318 Igitur
542 1236 620 1302 haec
643 1243 675 1302 et
699 1237 738 1301 de
754 1238 903 1302 Armenia
926 1255 1008 1319 quae
1032 1254 1128 1319 supra
1143 1238 1323 1302 memoravi
1347 1238 1427 1318 apud

259 1345 367 1425 patres
400 1343 559 1422 disseruit,
597 1361 654 1408 uec
686 1361 779 1424 posse
810 1349 932 1409 motum
962 1344 1118 1409 orientem
1151 1343 1212 1408 nisi
1246 1341 1428 1408 Germanici

260 1449 420 1530 sapientia
443 1449 594 1530 conponi:
620 1468 694 1514 nam
717 1468 807 1515 suam
831 1455 972 1514 aetatem
996 1467 1139 1530 vergere,
1164 1449 1264 1513 Drusi
1287 1451 1427 1514 nondum

260 1555 338 1619 satis
367 1553 553 1621 adolevisse.
606 1562 683 1621 tune
712 1556 840 1622 decreto
871 1559 998 1637 patrum
1032 1555 1203 1636 permissae
1236 1555 1427 1620 Germanico

225 1660 439 1742 sprovinciae
467 1679 549 1742 quae
572 1661 653 1726 mari
677 1661 870 1741 dividuntur,
901 1663 1067 1743 mnusque
1090 1661 1269 1742 imperium,
1302 1679 1427 1742 quoquo

260 1766 388 1847 adisset,
413 1785 506 1848 quam
530 1767 569 1832 iis
593 1768 646 1850 qui
663 1774 748 1833 sorte
772 1773 830 1833 aut
850 1769 949 1834 missu
972 1767 1121 1849 principis
1138 1768 1338 1832 obtinerent.
1376 1767 1426 1831 sed

259 1871 405 1938 Tiberius
434 1873 616 1939 demoverat
647 1874 741 1940 Suria
771 1872 931 1940 Oreticum
954 1873 1107 1954 Silanum,
1139 1891 1197 1954 per
1227 1872 1427 1938 adfinitatem

260 1996 413 2043 conexum
437 1979 635 2061 Germanico,
660 1981 735 2061 quia
757 1979 857 2046 Silani
880 1979 945 2045 filia
968 1980 1087 2046 Neroni
1110 1980 1333 2046 vetustissimo
1357 1979 1428 2044 libe
1458 2031 1459 2050 .

259 2101 368 2149 rorum
397 2086 464 2150 eius
495 2090 590 2167 pacta
618 2093 697 2166 erat,
729 2086 991 2168 praefeceratque
1019 2084 1076 2153 Cn.
1107 2086 1265 2165 Pisonem,
1299 2086 1427 2167 ingenio

209 2207 243 2258 10
259 2190 433 2256 violentum
463 2198 495 2256 et
525 2193 669 2274 obsequii
689 2193 847 2274 ignarum,
878 2193 978 2258 insita
999 2192 1116 2258 ferocia
1143 2211 1164 2258 a
1186 2197 1281 2274 patre
1303 2191 1427 2257 Pisone.

260 2297 315 2377 qui
339 2297 422 2362 civili
438 2297 521 2363 bello
545 2303 748 2380 resurgentes
771 2299 804 2362 iu
821 2297 926 2364 Africa
949 2305 1057 2380 partes
1073 2298 1227 2363 acerrimo
1251 2298 1427 2362 ministerio

261 2402 413 2468 adversus
443 2402 614 2470 Caesarem
649 2405 737 2485 iuvit,
772 2423 844 2470 mox
879 2403 1026 2486 Brutum
1049 2408 1080 2468 et
1108 2401 1255 2467 Cassium
1289 2409 1426 2480 secutus,

243 2653 285 2705 16.
304 2649 409 2716 etquis
425 2649 789 2706 beiT.oiternebeneinem
843 2650 989 2715 struktion,
1017 2649 1068 2702 wie
1086 2648 1135 2714 ΠΙ,
1154 2649 1189 2702 62
1212 2647 1261 2701 ille
1280 2647 1427 2702 Antiocho.

209 2738 258 2791 mit
277 2736 308 2790 ob
327 2736 394 2791 oder
409 2742 524 2805 propter
541 2737 698 2806 gebildeten
718 2741 789 2792 Aus-
841 2737 884 2793 sir
902 2737 1068 2793 Mithridate
1083 2736 1183 2804 pulsis.

207 2825 304 2894 druclr,
323 2827 409 2880 einem
422 2826 557 2880 kausalen
570 2825 687 2892 Ablativ,
701 2825 789 2879 einem

207 2913 340 2984 Particip;
369 2914 430 2968 hier
455 2914 509 2969 alle
538 2914 597 2968 vier
616 2913 789 2967 dusdruelrs·
886 2893 955 2967 Κᾶ1)·
974 2893 1017 2952 43·
1050 2893 1228 2952 (4θωῦῧὶοῊ
1244 2892 1306 2952 Μ
1323 2893 1389 2952 ΡΜ

206 3002 305 3057 weiseu
336 3002 501 3057 verbunden.
528 3032 561 3043 -
593 3016 696 3070 aequa:
728 3001 789 3056 eine
882 3047 885 3055 .
1053 2982 1094 3041 im
1112 2981 1214 3041 0²¹²&-

207 3089 333 3158 Stelluug
356 3092 408 3145 wie
431 3089 646 3159 ihresgleicheu,
676 3089 719 3144 ein
743 3105 790 3157 ge·
880 3093 903 3144 1.
921 3105 1010 3158 supra
1028 3090 1062 3148 K.
1082 3093 1107 3144 3.

207 3177 374 3234 wbhnliches
392 3179 462 3242 Los;
491 3179 545 3246 Vssl·
565 3178 614 3246 VI,
633 3181 667 3234 ²1
687 3177 790 3275 APP'Pj
878 3197 904 3250 3.
923 3210 1031 3265 verpere
1049 3194 1262 3249 nachklassisoh
1282 3211 1347 3248 vom
1369 3195 1427 3248 Nei-

201 3265 275 3334 Pi'm
310 3267 392 3335 ‘wilm'
426 3266 582 3338 ‘misma
627 3263 790 3318 minandi
842 3298 894 3351 gen
908 3283 957 3338 der
969 3284 1039 3352 Zeit,
1058 3299 1089 3338 so
1102 3285 1151 3338 mit
1166 3288 1244 3336 actas
1256 3284 1330 3338 auch
1343 3285 1426 3350 1v‚s,

207 3353 299 3411 arida·
843 3387 934 3426 annus
957 3372 1020 3438 xu,
1039 3375 1083 3438 44,
1115 3371 1175 3425 sees
1201 3371 1279 3439 rur,
1299 3375 1344 3430 aa.
1388 3371 1425 3424 su

244 3445 285 3498 17·
305 3457 344 3496 Pii
362 3442 435 3508 1³13·
447 3440 552 3506 'faw
564 3457 616 3495 V⁰¹¹
629 3440 789 3495 dematur·
841 3464 957 3514 meatem
976 3459 1123 3514 adolevisse
1141 3459 1195 3527 agl.
1214 3459 1309 3528 xlae
1329 3465 1361 3513 ut
1374 3459 1425 3512 De

206 3530 430 3597 ¹¹⁰‘W0ndisskeit·
565 3573 567 3580 v
841 3547 913 3601 miser·
927 3547 1054 3615 pueritia
1073 3547 1243 3601 adolesceret.

243 3621 285 3674 18.
305 3617 448 3672 centesima
467 3632 489 3670 s.
508 3633 543 3670 zu
562 3617 583 3684 1,
604 3618 646 3670 78.

242 3711 277 3761 20
305 3705 418 3760 wicum
436 3705 512 3759 nieht
531 3704 579 3759 des
598 3717 702 3771 gmon
716 3702 788 3756 Lan.
878 3654 903 3707 6.
921 3657 994 3706 sorte
1012 3653 1123 3707 beiden
1142 3669 1203 3708 vom
1214 3651 1302 3708 Sonat
1321 3670 1356 3707 zu
1369 3667 1424 3706 rer-

488 3795 494 3807 ,
604 3793 610 3805 ,
737 3791 742 3802 ,
843 3741 987 3796 leihenden
1012 3741 1174 3796 Provinzen.
1203 3770 1238 3781 -
1265 3741 1354 3795 missu
1379 3739 1424 3792 wie

208 3795 266 3862 des,
279 3793 399 3849 sonderu
410 3810 460 3848 nur
470 3809 545 3848 erues
555 3792 665 3847 kiernen
675 3790 788 3846 Gabreta
843 3829 864 3897 L
882 3831 925 3884 60·

206 3884 243 3938 im
262 3882 357 3940 Oeten.
377 3911 410 3921 -
434 3882 543 3950 sepibus
561 3879 710 3948 defunctis,
735 3877 788 3932 den

207 3971 312 4040 Plurai,
337 3987 378 4026 πο
396 3985 458 4023 man
476 3987 510 4023 zu
526 3969 620 4038 Jedem
639 3967 716 4021 Teile
735 3966 788 4020 den

209 4059 282 4128 Sing.
301 4076 336 4113 zu
355 4057 461 4112 deuken
475 4059 533 4124 hat,
552 4063 624 4112 aetat
636 4055 701 4110 Tac.
720 4071 790 4123 gana

206 4146 379 4218 ganohnlich
392 4145 435 4200 bei
449 4147 537 4200 ciuem
550 4145 671 4200 Verbum
683 4143 789 4197 finitum
878 4129 904 4180 8·
923 4123 1014 4178 Silani
1040 4125 1100 4191 filia
1128 4127 1179 4180 mit
1207 4127 1315 4182 Numen
1342 4125 1420 4180 Iunio

205 4239 240 4308 (Ι,
259 4240 294 4292 69
314 4237 472 4298 (semem
493 4235 528 4303 11,
547 4235 581 4289 53
600 4239 681 4287 orant
699 4249 724 4286 u,
744 4233 790 4300 p),
844 4212 922 4268 stsrb
941 4212 1028 4268 echon
1046 4213 1111 4267 bald
1129 4213 1262 4270 nuchhar.

204 4325 274 4381 abor
292 4324 361 4380 such
387 4324 415 4377 in
433 4323 510 4377 einer
528 4319 790 4389 Participial·Kon·
882 4321 923 4372 11.
942 4317 1018 4372 aaut
1036 4317 1104 4372 bello
1127 4321 1162 4374 47
1181 4319 1239 4374 und
1257 4324 1293 4375 46
1317 4338 1342 4374 v.
1362 4317 1419 4372 our.

878 3937 903 3990 7.
910 3931 1059 3987 Saria=a
1069 3932 1167 3988 Suriae
1176 3932 1422 3996 administratione,

843 4020 947 4076 welche
965 4037 996 4076 er
1013 4021 1067 4075 seit
1087 4025 1117 4075 11
1138 4037 1165 4075 n.
1185 4020 1250 4076 Chr.
1270 4021 1374 4078 solute.
