2934 4818
509 255 592 310 Liber
611 255 645 309 ΙΙ.
677 255 743 324 cap.
761 257 804 314 34.
1195 244 1254 304 111

6 401 159 464 contra
180 395 291 462 Gallus
307 397 434 462 Asinius
456 397 621 464 disseruit:
645 402 741 465 auctu
763 398 887 480 imperii
909 397 1084 464 adolevisse
1107 397 1205 463 etiam

6 505 188 588 privatas
210 521 295 585 open,
326 503 422 584 idque
444 522 507 570 non
529 521 653 587 novum,
687 504 744 569 sed
767 504 1027 571 eretustissimis
1050 504 1205 570 moribus:

6 611 142 676 aliam
161 611 244 691 apud
259 609 432 691 Fabricios
448 609 543 676 aliam
560 610 645 692 apud
660 609 823 693 Scipiones
838 611 1020 692 pecuniam3
1042 615 1076 676 et
1090 614 1206 676 cuncta

6 718 68 783 ad
107 714 370 797 rempublicam
399 714 520 796 referri,
554 733 617 798 qua
645 717 734 782 tenui
764 720 916 799 angustas
947 717 1063 782 civium
1086 715 1204 796 domos,
1225 737 1258 788 10

7 826 214 905 postquam
243 839 280 888 eo
311 819 565 904 magnificentiae
587 823 720 903 venerit,
749 822 883 905 gliscere
905 823 1057 905 singulos.
1102 839 1205 904 neque

8 931 57 994 in
102 927 227 994 familia
261 932 296 993 et
329 932 463 1009 argento
503 946 648 1011 quaeque
684 929 725 994 ad
757 946 850 994 usum
888 933 1042 1010 parentur
1075 928 1205 994 nimium

12 1033 249 1116 aliquidaut
278 1033 435 1100 modicum
466 1035 528 1100 nisi
558 1053 596 1100 cx
629 1033 757 1100 fortuna
790 1033 991 1116 possidentis.
1035 1033 1205 1100 distinctos

12 1143 173 1206 senatus
205 1144 238 1205 et
272 1140 413 1221 equitum
441 1158 563 1221 census,
597 1158 661 1205 non
690 1139 764 1222 quia
788 1141 1051 1221 diversatum,
1086 1140 1142 1204 sed
1169 1144 1206 1205 ut

13 1247 118 1312 locis
144 1244 309 1311 ordinibus
324 1246 558 1328 dignationibus
580 1246 745 1327 antissent,
769 1246 815 1312 ita
836 1246 875 1312 iis
899 1262 979 1327 quae
1002 1246 1043 1310 ad
1065 1245 1204 1326 requiem
1225 1265 1257 1316 15

16 1351 140 1419 animi
164 1355 220 1416 aut
242 1351 462 1417 salubritatem
479 1369 644 1434 corporum
659 1356 822 1433 parentur,
846 1351 907 1418 nisi
929 1350 1010 1417 forte
1029 1350 1204 1417 clarissimo

18 1459 160 1538 cuique
186 1457 292 1539 plures
323 1475 424 1538 ouras,
460 1458 583 1524 maiora
609 1457 751 1541 pericula
782 1457 955 1538 subeunda,
987 1456 1205 1523 delenimentis

18 1581 192 1632 curarum
226 1569 259 1628 et
289 1563 501 1646 periculorum
536 1564 706 1629 carendum
740 1581 819 1631 esse.
878 1562 1002 1629 facilem
1036 1563 1205 1630 adsensum

21 1670 138 1737 Gallo
162 1669 221 1734 sub
244 1670 423 1736 nominibus
454 1670 595 1737 honestis
619 1667 775 1736 confessio
803 1670 952 1736 vitiorum
975 1674 1009 1735 et
1031 1668 1224 1736 similitudo·

21 1775 240 1844 audientium
258 1774 354 1840 dedit.
400 1776 562 1842 adiecerat
576 1781 609 1842 et
623 1774 769 1841 Tiberius
785 1793 848 1842 non
863 1776 896 1841 id
910 1781 1036 1859 tempus
1051 1793 1204 1841 censurae
1222 1796 1258 1847 20

21 1902 109 1964 nec,
135 1881 163 1946 si
185 1881 261 1962 quid
282 1881 316 1946 in
331 1882 469 1948 moribus
484 1883 616 1963 labaret,
642 1880 824 1948 defuturum
839 1883 1017 1965 corrigendi
1033 1884 1204 1948 auctorem.

133 1991 185 2051 34.
230 1987 318 2052 Inter
347 2005 429 2070 quae
452 1987 487 2055 L.
512 1988 586 2055 Piso
614 1987 768 2054 ambitum
799 1985 868 2069 lori
903 1992 1051 2070 corrupta
1077 1987 1203 2068 iudicia,

23 2093 210 2162 saevitiam
237 2099 399 2160 oratorum
428 2095 645 2161 accusationes
673 2094 887 2160 minitantium
910 2094 1087 2177 increpans,
1117 2093 1204 2159 abire

70 2274 102 2325 7.
122 2274 222 2323 contra
239 2270 338 2339 gehdrt
349 2286 384 2324 zu
395 2268 537 2335 disseruit,
548 2269 623 2324 dient
676 2269 737 2324 sich
762 2274 841 2324 sonat
863 2268 954 2338 nicht3
981 2284 1011 2324 es
1037 2269 1074 2324 ist
1100 2268 1161 2323 dem
1181 2268 1257 2323 Grio-
1321 2269 1324 2274 '

25 2363 101 2418 also
115 2357 194 2413 nicht
211 2375 261 2412 zur
274 2358 556 2427 Gegenilberstellung
573 2358 621 2414 des
659 2356 1255 2425 ¹chischennachgebildettllerod.111,105

27 2464 150 2521 gaunon
169 2447 273 2503 Satzea.
300 2477 334 2488 -
361 2452 447 2502 cacia
469 2447 492 2514 1,
511 2449 557 2512 56;
585 2448 623 2501 im
675 2443 705 2500 εἰ
732 2439 768 2513 μθ
800 2441 1023 2518 προλαμβάνειν
1052 2441 1121 2510 τοὺς
1151 2440 1256 2509 Ἰνδοὺς

27 2541 146 2593 iibertr.
166 2535 250 2592 Sinna
268 2536 340 2592 auch
357 2536 423 2595 hist.
441 2535 489 2605 IV,
501 2539 536 2593 63
555 2551 622 2605 opu·
674 2537 725 2604 τῆς
756 2524 828 2590 ὁδοῦ
855 2575 908 2603 ...,
946 2527 1050 2590 οὐδένα
1081 2526 1118 2590 ἄν
1154 2550 1256 2603 σφεων

28 2625 128 2682 lentio
146 2630 289 2693 auctaque.
675 2616 907 2690 ἀποσώζεσθαι).
919 2653 952 2662 -
970 2623 1122 2678 οἰωνὶεθίνηο
1141 2625 1178 2678 ist
1195 2624 1256 2678 hier

73 2715 122 2768 10.
140 2710 178 2766 ud
191 2752 214 2767 ..
227 2712 343 2779 referri:
356 2711 451 2781 ,richte
461 2713 520 2768 rich
532 2713 622 2769 nooh‘.
676 2711 725 2766 dor
743 2710 831 2767 sebon
849 2712 938 2768 durch
956 2713 1031 2768 aeine
1043 2712 1182 2768 Harkunft
1198 2714 1255 2767 An-

74 2822 123 2876 13.
153 2817 259 2886 aliquid
294 2820 331 2872 im
366 2821 511 2888 negativen
542 2821 621 2876 Satze
647 2878 650 2885 ,
675 2800 821 2869 8111911θῦ8.

30 2909 117 2980 giebt
136 2924 178 2974 zu,
204 2907 264 2962 dass
288 2906 347 2963 sich
371 2908 416 2962 ein
434 2908 531 2964 Zuviel
549 2910 622 2964 wohl
713 2891 752 2944 ¹9·
770 2887 1256 2956 mmmmffiwmmtlffmlfffisw

31 2997 140 3064 findet,
157 2995 268 3064 leugnet
286 2997 352 3052 aber
371 2996 470 3053 dassen
488 2997 621 3053 Vorkom·
674 2976 819 3032 mmmm?
847 2976 896 3031 def
924 2976 1069 3046 Umfllando
1099 2976 1160 3032 dass
1191 2992 1255 3033 1111111

32 3101 105 3141 men
125 3084 152 3137 in
171 3084 231 3138 dom
249 3084 431 3153 angefnhsten
450 3085 540 3140 Faue,
674 3075 756 3121 unter
775 3065 920 3133 Berufung
942 3065 992 3120 auf
1017 3064 1181 3122 ehrenbalte
1199 3068 1255 3120 An-

76 3174 122 3228 14,
147 3170 248 3226 adama·
271 3191 288 3227 a
309 3172 425 3242 reliquis
449 3174 561 3229 civibus,
588 3203 619 3214 ,,
674 3155 757 3223 lasse,
782 3154 832 3210 uie
851 3153 934 3208 Stand
958 3153 1014 3209 und
1033 3155 1189 3223 Vermbgen
1214 3155 1255 3210 sie

32 3263 88 3319 aad
102 3265 133 3313 ut
145 3300 167 3314 ..
180 3261 416 3329 acclamationis
429 3277 467 3319 sc.
478 3263 622 3318 antistare.
675 3243 767 3310 b0le¹b
794 3243 870 3298 aeine
888 3243 990 3298 Fehlef
1008 3243 1140 3314 (luxuria)
1166 3245 1256 3299 eim·

33 3350 121 3408 Nach
139 3365 193 3402 non
212 3350 278 3418 qaia
301 3350 358 3406 und
380 3366 437 3404 non
456 3351 529 3419 quod
552 3351 623 3420 folgt
675 3331 806 3400 gestelen
824 3331 889 3386 kein
909 3331 1055 3388 Bedenken
1075 3338 1147 3401 trug.

34 3441 85 3496 bei
100 3439 132 3492 T.
146 3438 186 3491 olt
198 3440 240 3494 ein
251 3440 302 3492 mit
312 3439 360 3494 aed
371 3440 533 3508 angelbgtes
544 3439 622 3495 Satn·
710 3424 756 3478 21·
774 3424 922 3486 (militem,
949 3420 1068 3476 1111111ῐὶ111
1087 3421 1136 3476 der
1154 3421 1255 3476 Kaiser

35 3526 115 3597 glied
128 3526 156 3579 in
168 3525 372 3596 unabhttngiger
384 3529 476 3584 Form.
502 3528 621 3598 Andere,
676 3509 764 3565 selbflt
781 3507 824 3564 ²¹⁸
843 3507 954 3564 01111101·

37 3614 622 3689 welcheutfinalfassenmrganzen:redut,
675 3633 744 3706 ch.
762 3631 804 3690 34,
827 3631 956 3690 fimo
973 3631 1022 3690 ἃς,
1031 3631 1063 3690 1„
1075 3631 1145 3691 pm,
1168 3619 1254 3692 fibap.

37 3706 116 3760 sieut
124 3703 192 3758 locis
203 3745 223 3758 ..
236 3705 380 3776 antistant,
391 3706 471 3761 italis
481 3706 621 3763 ablaterat.
792 3717 887 3778 mohs
904 3718 955 3778 102·
972 3719 1136 3794 Urgulania,

80 3811 122 3863 15.
146 3807 212 3864 locis
236 3811 273 3865 im
292 3810 420 3880 Theatra,
447 3827 488 3867 wo
512 3812 552 3867 sie
577 3812 622 3869 die
712 3814 735 3864 l.
753 3808 824 3863 uua
842 3823 911 3876 quae
935 3809 967 3878 (Ι,
989 3810 1033 3877 12)
1059 3809 1102 3864 bei
1122 3810 1254 3881 Gelegen·

39 3906 137 3954 ersten
149 3901 182 3951 14
193 3897 346 3953 Sitzreihan
358 3899 464 3954 hatten.
478 3929 513 3940 —
523 3899 621 3970 diono-
675 3899 733 3953 heit
752 3897 802 3952 der
821 3898 981 3953 erwbhnten
996 3898 1200 3970 Verbandlung.
1219 3930 1253 3942 -

41 3988 130 4042 rioms
160 3987 222 4052 (nur
252 3986 313 4040 hier
343 3987 379 4040 im
406 3986 495 4057 Plur.)
532 3989 623 4058 Raug-
675 3986 806 4040 ambitmn
823 3986 895 4053 fori:
919 3986 968 4041 dns
987 3986 1187 4044 Erochleichen
1206 3989 1254 4044 der

41 4073 171 4140 stellung.
675 4075 871 4131 nichterlichen
890 4075 989 4144 (iuuat,
1007 4077 1058 4132 wie
1077 4078 1098 4145 1,
1116 4080 1141 4132 2.
1161 4078 1203 4133 75.

80 4165 121 4216 16.
143 4161 201 4216 uisi
217 4162 291 4229 forte
315 4163 365 4216 mit
382 4163 538 4230 folgendem
556 4164 621 4220 Ace.
709 4168 735 4220 2.
752 4164 865 4218 outre..
883 4163 983 4232 cedere,
1003 4165 1182 4222 dasPrdsens
1200 4182 1254 4221 von

42 4270 64 4307 c.
84 4250 133 4306 inl.
159 4251 188 4304 in
205 4250 326 4318 gleiober
344 4251 548 4306 Konstruktion
571 4252 622 4306 mit
674 4252 724 4308 der
742 4253 917 4307 unmittelbsr
940 4254 1175 4309 bevorstebenden
1198 4254 1253 4309 und

43 4341 105 4395 dem
114 4339 284 4407 Hauptsatze
297 4339 345 4396 der
357 4339 436 4394 indir.
446 4339 523 4394 Rede
536 4339 621 4396 findet
675 4341 756 4398 rasob
773 4341 1023 4410 abgesoblossenen
1040 4343 1196 4412 Handlung.
