2972 4824
198 217 240 278 ‘ta
664 230 746 286 arua
763 230 785 285 1.
814 230 878 300 cap.
898 232 939 286 oo.

131 318 149 358 Ο

252 371 337 449 ordo,
370 378 467 453 utque
497 373 554 437 tali
581 373 615 437 in
644 377 786 456 tempore
816 373 877 438 sibi
905 373 1039 456 quisque
1067 391 1223 456 properus
1260 381 1298 442 et
1327 374 1438 440 lentae

253 477 422 542 adversum
445 477 578 560 imperia
600 497 701 559 aures,
726 481 906 562 inrumpere
929 478 1106 546 Germanos
1128 480 1227 561 iubet,
1254 480 1438 546 clamitans
1465 456 1468 558 l

201 599 233 651 15
256 601 313 662 „en
329 582 434 648 Varus
457 585 628 666 eodemque
650 585 767 651 iterum
789 585 855 652 iato
870 587 996 652 vinctae
1018 586 1193 669 legiones!“
1221 585 1332 652 simul
1358 585 1440 650 baec

253 693 285 752 et
307 707 378 754 cum
401 687 533 754 delectis
549 691 665 757 scindit
688 709 802 772 agmen
817 693 968 774 equisque
990 692 1124 758 maxime
1141 691 1284 757 vulnera
1301 690 1439 773 ingerit.

252 794 298 859 illi
321 794 473 878 sanguine
503 814 560 862 suo
584 803 616 863 et
637 796 758 862 lubrico
786 796 936 878 paludum
960 797 1120 879 lapsantes
1150 798 1301 862 excussis
1329 803 1442 862 recto
1472 863 1473 880 ,

253 899 340 965 ribus
356 899 489 968 disicere
505 903 624 984 obvios,
647 907 812 986 proterere
826 904 977 970 iacentes.
1022 903 1176 985 plurimus
1192 903 1285 970 circa
1301 902 1441 986 aquilas
1472 889 1473 900 ’

253 1005 353 1084 labor,
386 1024 466 1088 quae
494 1027 596 1091 neque
621 1007 697 1074 ferri
726 1009 894 1074 adversum
912 1009 1102 1092 ingruentia
1131 1009 1198 1074 tela
1226 1028 1351 1092 neque
1388 1007 1442 1090 figi

200 1127 236 1180 20
252 1109 365 1176 limosa
387 1112 482 1179 humo
506 1120 663 1196 poterant.
710 1111 849 1180 Caecina
872 1115 946 1180 dum
963 1119 1124 1180 sustentat
1146 1116 1258 1196 aciem,
1290 1113 1440 1180 suffosso

253 1234 333 1299 equo
349 1217 497 1301 delapsus
513 1220 828 1301 circumveniebatur,
852 1221 884 1285 ni
898 1221 1001 1302 prima
1015 1220 1096 1301 legio
1119 1237 1191 1285 sese
1205 1221 1440 1302 opposuisset

253 1322 332 1388 iuvit
355 1323 491 1390 bostium
515 1325 658 1406 aviditas,
683 1328 801 1392 omissa
824 1326 922 1392 caede
944 1326 1097 1408 praedam
1119 1325 1341 1405 sectantium
1372 1325 1441 1390 eni·

254 1447 371 1510 sueque
398 1429 539 1512 legiones
561 1437 803 1514 vesperascente
832 1432 884 1497 dic
906 1433 939 1496 in
968 1435 1080 1513 aperta
1102 1437 1135 1495 et
1156 1429 1269 1495 solida.
1327 1447 1441 1511 neque

253 1535 280 1599 is
304 1534 501 1600 miseriarum
525 1536 603 1604 linis.
649 1537 834 1602 struendum
850 1535 976 1616 vallum,
999 1535 1154 1618 petendus
1169 1553 1279 1617 agger,
1310 1537 1439 1602 amissa

201 1658 236 1710 25
254 1658 371 1721 magna
394 1659 431 1705 ex
446 1646 537 1722 parte
559 1661 616 1724 per
632 1661 713 1725 quac
729 1645 869 1727 egeritur
892 1643 1004 1708 humus
1028 1647 1085 1707 aut
1100 1642 1256 1708 exciditur
1272 1658 1440 1727 caespes3

255 1764 317 1810 non
340 1748 477 1812 tentoria
492 1749 668 1831 manipulis,
694 1768 755 1815 non
779 1749 920 1815 fomenta
939 1748 1069 1827 sauciis3
1092 1747 1222 1813 inlectos
1240 1767 1354 1816 caeno
1380 1753 1438 1816 aut

255 1869 367 1918 cruore
390 1853 475 1920 cibos
499 1854 677 1922 dividentes
700 1854 843 1921 funestas
860 1855 1010 1920 tenebras
1033 1861 1067 1920 et
1088 1859 1138 1919 tot
1152 1852 1326 1920 bominum
1353 1853 1439 1920 mili·

254 1957 314 2023 bus
337 1977 435 2024 unum
456 1960 520 2025 iam
543 1961 699 2043 reliquum
722 1962 806 2027 diem
829 1960 1098 2027 lamentabantur.

344 2069 396 2132 66.
433 2066 528 2132 Forte
551 2085 651 2149 equus
680 2068 824 2150 abruptis
847 2066 980 2132 vinculis
1003 2081 1104 2149 vagus
1137 2069 1169 2130 et
1192 2065 1345 2132 clamore
1370 2071 1437 2133 ter-

254 2164 334 2234 ritus
363 2172 516 2253 quosdam
548 2175 782 2240 occurrentium
813 2173 1006 2242 obturbavit.
1051 2177 1144 2238 tanta
1172 2171 1247 2237 inde
1278 2178 1436 2239 conster-

254 2278 341 2342 natio
375 2277 533 2360 inrupisse
561 2279 737 2346 Germanos
768 2279 975 2359 credentium,
1010 2284 1046 2344 ut
1075 2278 1181 2345 cuncti
1214 2283 1360 2343 ruerent
1397 2277 1436 2342 ad

255 2388 374 2464 portas,
406 2402 541 2466 quarum
569 2386 743 2451 decumana
771 2386 907 2451 maxime
929 2385 1107 2469 petebatur,
1130 2399 1244 2447 aversa
1271 2380 1372 2448 hosti
1406 2387 1435 2446 et

221 2507 237 2559 5
256 2486 450 2569 fugientibus
474 2491 581 2558 tutior.
630 2491 767 2558 Caecina
791 2495 951 2572 comperto
975 2508 1088 2555 vanam
1117 2505 1187 2554 esse
1209 2485 1435 2568 formidinem,

240 2720 283 2776 13.
302 2721 386 2785 atquc
402 2718 499 2771 nimmt
511 2719 589 2773 nicht
608 2719 657 2774 das
669 2719 784 2775 vorber·
838 2719 997 2775 bezeicbnot
1021 2717 1082 2772 bier
1108 2715 1152 2770 die
1179 2731 1228 2768 aur
1246 2712 1434 2783 Erricbtnng

203 2806 328 2874 gebsnde
341 2810 372 2858 at
389 2805 490 2861 wieder
502 2806 558 2876 aul,
578 2807 697 2862 sondern
710 2808 785 2864 steht
839 2808 888 2862 des
919 2806 1025 2862 Walles
1062 2801 1262 2859 erforderliohe
1299 2802 1435 2860 Materia

204 2897 232 2949 in
250 2893 512 2964 restringierendem
526 2894 609 2952 Sinne
628 2915 661 2938 =
681 2902 713 2949 ut
723 2895 785 2951 fieri
839 2894 957 2963 (bamus,
966 2894 1204 2963 coereeat3pctcre
1213 2905 1343 2959 aggerem
1355 2891 1433 2947 also:

204 2984 284 3040 solet.
840 2984 889 3040 das
908 3000 971 3038 aum
985 2983 1083 3037 Damm
1102 2979 1300 3036 erforderliohe
1313 2979 1433 3036 herbei-

243 3075 283 3128 15.
310 3071 417 3126 aberae
444 3073 497 3142 vgl.
521 3073 588 3141 Agr.
614 3075 648 3128 32
677 3072 786 3127 clausos
841 3072 978 3136 tobaliam
1008 3069 1153 3139 vgl.0aes.
1172 3068 1198 3126 b.
1218 3067 1250 3122 G.
1269 3067 1305 3132 ΙΙ,
1321 3071 1364 3122 20
1382 3073 1434 3137 qui

205 3161 325 3229 quodam
351 3161 431 3217 modo
458 3178 491 3218 ae
518 3162 623 3216 uinctos
651 3160 683 3216 di
707 3161 787 3216 nobis
841 3161 950 3232 aggeris
967 3157 1081 3229 paradi
1107 3172 1193 3212 cauea
1212 3165 1433 3224 processerant.-

204 3250 391 3310 trada'derwot.
419 3282 454 3294 -
477 3251 558 3307 adaul
576 3253 642 3306 buco
668 3266 707 3308 sc.
732 3249 786 3306 ela·
840 3249 867 3309 b.
880 3265 903 3304 c.
914 3250 935 3318 1,
944 3251 978 3302 42
993 3247 1102 3317 longiae
1111 3251 1170 3301 erat
1180 3260 1263 3314 agger
1274 3245 1430 3312 petendus.

205 3340 295 3406 mitat,
320 3345 353 3404 ct,
373 3341 425 3395 vie
442 3341 490 3410 lV,
509 3341 544 3394 25
570 3338 652 3392 simul
677 3343 786 3406 coeptus
876 3341 920 3393 27.
938 3337 1063 3405 fuaemue
1082 3335 1158 3403 oder,
1176 3334 1226 3388 vie
1239 3333 1274 3400 11,
1285 3335 1329 3402 31,
1350 3334 1430 3400 ferm·

205 3428 265 3484 dica
283 3434 308 3483 ct
327 3471 351 3488 ..
370 3428 504 3495 aderaut5
522 3428 575 3496 vgl.
594 3417 655 3496 birra
674 3456 709 3468 -
726 3427 786 3480 real.
840 3426 879 3480 lca
897 3425 1039 3480 tenebrae:
1058 3420 1319 3494 grabesdunlrel.

244 3520 285 3572 17,
315 3516 421 3571 lubrico
446 3515 582 3586 paludum
612 3517 666 3584 vgl.
690 3515 725 3570 K.
751 3518 785 3569 61

206 3605 299 3661 umido
315 3605 457 3675 paludum.
470 3635 501 3645 -
521 3606 631 3674 lapsare
642 3606 692 3660 wie
703 3603 786 3672 Verg.
875 3602 924 3674 66,
943 3606 969 3656 2.
988 3599 1145 3656 obturbabat
1163 3621 1194 3645 =
1213 3597 1378 3666 prostravit.
1391 3626 1425 3637 —

207 3697 241 3750 A.
260 3697 297 3762 lI,
316 3698 376 3751 561.
841 3689 1029 3745 cocutcrautio
1047 3689 1081 3745 Κ.
1100 3691 1141 3744 39.

246 3784 287 3837 18.
307 3783 382 3838 circa
400 3782 483 3838 lokal.
876 3782 903 3837 4.
922 3793 1035 3833 comata
1059 3778 1088 3832 in
1112 3775 1169 3830 lok.
1186 3773 1352 3839 Bedeutung
1377 3773 1425 3826 mit

244 3873 286 3930 19.
298 3871 437 3939 rigiberto
450 3870 612 3939 auchVerg.
623 3869 787 3937 e.1tl,tro;
843 3867 930 3923 einem
944 3867 1025 3921 Dativ
1043 3881 1095 3920 nur
1108 3865 1183 3928 bier;
1203 3869 1283 3919 sonat
1301 3863 1329 3917 in
1341 3863 1424 3917 ilber-

208 3959 331 4028 dagegen
349 3959 407 4015 Liv.
426 3959 502 4028 VIII,
520 3961 538 4014 8
555 3957 587 4012 ba
604 3962 688 4017 terra
843 3960 985 4022 tragenem
1006 3954 1089 4010 Sinna
1108 3951 1285 4022 regelmulsig
1303 3949 1355 4003 mit
1373 3967 1397 4004 a

244 4049 287 4103 2³.
306 4053 508 4115 vesperascente
521 4045 564 4100 clia
576 4046 646 4101 aucb
657 4045 732 4112 XVI,
740 4047 787 4115 343
878 4045 905 4101 5.
922 4047 1058 4109 comporto
1081 4041 1132 4094 mit
1151 4040 1211 4095 dem
1237 4038 1324 4093 durch
1342 4038 1422 4093 einen

208 4137 272 4194 hist.
284 4136 320 4206 11,
333 4139 382 4200 49;
401 4137 454 4204 vgl.
472 4137 543 4206 Nep.
562 4135 619 4190 Pel.
638 4139 655 4188 2
672 4151 696 4190 u.
707 4133 790 4192 coelo.
843 4146 899 4186 acc.
917 4146 940 4184 c.
960 4129 1009 4184 inl.
1028 4129 1094 4185 oder
1112 4128 1192 4184 einen
1204 4127 1353 4195 Fragesata
1365 4141 1421 4182 rer-

243 4229 286 4282 24.
304 4225 405 4280 uallum
423 4222 721 4291 bostandgevbbnlich
740 4238 789 4278 ans
844 4225 972 4274 tretenen
999 4216 1116 4286 Subjekt
1138 4216 1221 4284 (nach
1245 4213 1349 4282 Livius)
1372 4230 1420 4284 gar

208 4315 296 4369 einem
310 4313 433 4369 lrlrdvall
451 4313 501 4367 mit
519 4312 687 4377 Piablverlr;
706 4327 790 4381 agger
844 4309 885 4362 olt
902 4306 947 4361 bei
965 4305 1031 4363 Tac.
1050 4303 1175 4373 (Schultz
1193 4306 1246 4358 415
1265 4303 1298 4356 A.
1317 4303 1352 4371 ὅ).
