2972 4824
219 237 260 296 46
653 245 737 301 biber
754 247 776 302 Ι.
806 247 872 315 Cap.
891 250 933 302 40.
952 250 995 301 41.

218 409 253 461 25
271 393 372 470 ratur,
403 389 603 470 attonitaque
624 389 725 471 magis
747 407 842 471 quam
865 389 974 472 quieta
997 391 1144 456 contione
1165 389 1295 472 legatos
1322 393 1477 472 pressi-r

271 495 323 562 dio
346 494 546 561 auxiliarium
569 495 711 576 equitum
734 495 874 564 dimittit,

359 607 411 668 40.
435 601 483 668 Eo
505 602 538 667 in
560 606 648 667 metu
670 621 804 685 arguere
820 601 1045 671 Germanicum
1067 620 1188 684 omnes,
1212 603 1299 685 quod
1318 622 1393 668 non
1411 604 1454 669 ad
1476 609 1477 692 j

270 707 467 790 superiorem
488 710 659 774 exereitum
682 713 840 791 pergeret,
864 709 920 775 ubi
941 708 1093 792 obsequia
1115 713 1148 774 et
1172 714 1285 775 eontra
1310 709 1452 776 rebellis
1476 699 1477 790 J

271 813 437 880 auxilium:
465 814 543 881 satis
566 833 724 897 superque
746 814 894 883 missione
917 819 952 883 et
972 816 1116 898 pecunie
1133 821 1167 882 et
1188 815 1347 882 mollibus
1371 835 1452 882 eon-

269 920 362 987 sultis
384 925 560 1003 peecatum.
605 921 656 986 vel
678 921 706 987 si
729 920 799 987 vilis
827 921 886 1004 ipsi
909 920 1005 1002 salus,
1038 940 1095 988 our
1121 920 1221 986 filium
1252 922 1449 1004 parvulum,
1476 943 1477 976 t

235 1041 328 1094 seur
354 1028 517 1110 gravidam
547 1028 711 1108 coniugem
740 1028 824 1094 inter
852 1027 992 1095 furentes
1023 1032 1056 1094 et
1079 1029 1181 1095 omnis
1202 1027 1341 1094 humani
1365 1028 1449 1095 iuris

270 1132 439 1201 violatores
462 1133 618 1201 baberet?
650 1133 722 1200 illos
745 1134 859 1200 saltem
882 1153 943 1201 avo
970 1139 1005 1200 et
1026 1134 1075 1200 rei
1098 1131 1244 1216 publicae
1273 1134 1447 1202 redderet.

270 1241 325 1308 diu
339 1245 504 1307 cunctatus
520 1244 742 1324 aspernantem
757 1259 897 1324 uxorem,
920 1258 992 1306 eum
1014 1260 1049 1307 sa
1072 1241 1144 1308 divo
1159 1241 1305 1324 Angusto
1333 1246 1445 1307 ortam

269 1366 372 1429 neque
394 1346 581 1428 degenerem
603 1348 644 1414 ad
665 1348 807 1430 pericula
821 1352 1005 1430 testaretur,
1028 1351 1189 1431 postremo
1213 1350 1347 1414 uterum
1373 1349 1445 1414 eins

270 1459 304 1520 01
326 1471 518 1520 communem
542 1452 640 1520 filium
655 1453 757 1521 multo
781 1473 852 1521 eum
874 1454 951 1520 fletu
966 1453 1158 1536 complexus,
1181 1458 1219 1520 ut
1241 1451 1353 1519 abiret
1369 1473 1444 1535 per·

218 1573 251 1622 10
269 1560 360 1643 pulit.
404 1559 572 1627 incedebat
594 1561 745 1627 muliebre
768 1566 803 1627 et
824 1561 1003 1628 miserabile
1026 1579 1147 1642 agmen,
1182 1558 1320 1644 profuga
1347 1560 1443 1626 ducis

269 1683 358 1747 uxor,
391 1665 556 1750 paruulum
585 1667 657 1733 sinu
683 1665 783 1734 filium
812 1685 936 1750 gerens,
970 1666 1183 1733 lamentantes
1214 1665 1334 1731 eireum
1360 1666 1442 1731 ami-

270 1791 379 1841 sorum
402 1773 558 1857 coniuges,
580 1793 663 1858 quae
677 1774 771 1842 simul
793 1774 1015 1856 trahebantur,
1038 1792 1097 1840 ner
1118 1772 1222 1838 minus
1245 1772 1361 1837 tristes
1386 1772 1442 1854 qni

269 1880 448 1947 manebant.

357 1991 410 2054 41.
433 1985 504 2053 Non
526 1984 667 2054 florentis
682 1987 829 2054 Caesaris
852 2006 955 2069 neque
978 1986 1044 2052 suis
1067 1985 1100 2051 in
1116 1983 1239 2065 castris,
1263 1983 1322 2048 sed
1347 1984 1439 2050 velut

269 2093 301 2158 in
316 2093 395 2159 urbe
410 2093 496 2160 vieta
509 2092 606 2160 iacies
621 2095 821 2177 gemitusque
844 2113 881 2161 ao
895 2094 1043 2177 planetus
1066 2093 1163 2158 etiam
1185 2089 1322 2156 militum
1339 2109 1438 2156 aures

269 2212 389 2281 oraque
410 2200 592 2267 advertere:
615 2201 863 2284 progrediuntur
878 2198 1105 2268 contuberniis.
1151 2197 1221 2280 quis
1243 2196 1298 2263 ille
1320 2193 1438 2264 flebilis

269 2305 387 2372 sonus?
421 2307 505 2388 quod
529 2311 596 2372 tam
619 2308 737 2375 triste?
769 2306 903 2373 feminas
925 2305 1087 2386 inlustres,
1119 2323 1184 2370 non
1214 2302 1435 2370 centurionem

235 2411 312 2477 sad
335 2411 478 2495 tutelam,
511 2432 574 2480 non
597 2414 740 2494 militem,
771 2413 850 2479 nibil
873 2413 1098 2497 imperatoriae
1129 2409 1235 2476 uxoris
1258 2411 1316 2474 aut
1338 2409 1437 2474 comi·

269 2521 355 2583 tatus
384 2518 485 2586 soliti:
517 2539 650 2604 pergere
678 2520 719 2585 ad
745 2520 900 2586 Treveros
928 2522 986 2600 (et)
1015 2517 1164 2584 externae
1191 2514 1274 2582 fidei.
1330 2517 1436 2598 pudor

252 2745 300 2817 40,
311 2751 335 2802 1.
354 2746 582 2818 uolumetu:,bei
592 2749 684 2804 dieser
693 2749 797 2804 1000111-
886 2751 913 2803 3.
932 2745 1065 2816 progredi
1088 2761 1112 2800 e.
1135 2744 1200 2814 abb,
1224 2744 1276 2800 urie
1294 2743 1383 2812 Verg.
1402 2749 1433 2798 Δ.

216 2836 300 2891 baren
327 2835 420 2903 Lage‘.
456 2842 541 2891 metus
566 2853 619 2892 von
646 2837 716 2904 dem,
742 2853 798 2893 was
851 2837 902 2904 ΙΙΙ,
921 2838 973 2891 300
993 2839 1088 2902 portu.
1125 2834 1235 2889 Ebenso
1259 2833 1432 2888 konstrniert

217 2924 321 2979 Fureht
352 2922 481 2992 eintldlst,
511 2925 562 2980 wie
592 2927 659 2993 Agr.
690 2927 732 2980 44.
764 2955 795 2964 —
850 2922 943 2979 finden
956 2921 1431 2990 siebproeedereundprorumpere.

216 3027 307 3067 omues
324 3012 520 3069 insbesondere
537 3013 628 3068 emisi.
852 3041 883 3054 -
904 3011 966 3080 quis
984 3052 1008 3068 ..
1026 3026 1119 3076 aeuus,
1145 3010 1197 3090 die·
1216 3010 1324 3066 direkte
1341 3011 1430 3078 Frage

252 3103 278 3154 4.
295 3100 382 3165 pilium
394 3103 545 3171 paruulum
564 3103 594 3158 C.
607 3103 709 3158 Caesar
728 3101 796 3158 0011-
850 3099 1429 3168 0010101000110001011000[0010010000-

216 3187 289 3257 gula,
307 3191 367 3256 geb.
387 3194 420 3245 12
438 3208 465 3247 0.
485 3191 548 3246 Chr.
848 3189 962 3260 digkeit.

251 3279 277 3334 6.
294 3292 347 3332 eoo
364 3279 581 3348 bardoksiehtigt
593 3280 730 3335 anntehst
742 3296 795 3335 nur
883 3282 910 3334 4.
929 3276 1010 3346 quod,
1028 3276 1090 3332 weil
1108 3277 1188 3332 truste
1206 3276 1249 3332 010
1268 3276 1427 3332 Substantia

217 3365 270 3421 den
288 3364 412 3436 Knsben,
436 3367 553 3422 weloher
572 3367 659 3423 duroh
677 3367 723 3422 (110
741 3366 795 3420 Ad·
849 3367 968 3423 00110111.
1003 3364 1116 3420 Andere
1126 3365 1204 3421 lesen
1217 3364 1285 3433 quid
1303 3365 1371 3421 oder
1390 3381 1426 3421 er-

217 3454 314 3523 option
339 3455 431 3510 seines
449 3455 550 3511 Valere
575 3456 620 3511 ein
638 3456 729 3512 Enkel
747 3456 795 3512 des
849 3462 957 3526 genuen
975 3470 1077 3524 upmeu.

216 3541 331 3597 Kaisers
348 3557 414 3598 urar.
884 3546 910 3599 6,
934 3548 1061 3598 cateruae
1082 3541 1149 3608 fidei
1175 3558 1238 3610 gen.
1260 3541 1336 3611 qual.
1358 3541 1426 3597 ohne

252 3633 279 3688 8.
301 3630 417 3700 depeuer
439 3631 478 3685 od
501 3632 544 3700 (in
567 3632 697 3688 Hinsieht
724 3632 796 3700 autl3
849 3631 1085 3701 dbergeordneten
1101 3629 1341 3698 dattungsbegriff
1356 3633 1425 3700 (peu

216 3718 271 3785 vgl.
296 3719 352 3776 Gla.
381 3735 407 3789 p.
436 3721 517 3777 Font.
546 3723 579 3776 15
611 3720 650 3775 uel
669 3721 798 3788 puseus
849 3724 920 3790 tem),
946 3721 996 3776 uie
1014 3720 1062 3790 IV,
1080 3723 1115 3775 29
1138 3718 1272 3772 Lentulus
1289 3719 1427 3774 senectutis

214 3807 329 3874 foetum
347 3806 486 3876 un.11,2u
504 3808 797 3864 timiduaudmorteru.
850 3814 994 3864 extremae.
1031 3808 1114 3864 Diese
1139 3805 1320 3877 Brachylogie
1346 3806 1427 3862 findet

254 3899 295 3954 10.
313 3896 454 3951 incumbat
473 3897 550 3967 Impf.
562 3899 612 3953 wie
624 3897 686 3952 Κ(
705 3897 799 3952 debut.
851 3897 911 3952 sieh
929 3896 1082 3952 besonders
1107 3895 1152 3951 bei
1175 3895 1229 3950 den
1246 3895 1426 3952 Historikern.

252 3984 299 4054 41,
313 3988 338 4039 1.
355 3999 410 4038 uon
423 4025 446 4041 ..
465 3985 567 4052 facies:
587 3985 636 4040 das
646 3985 709 4040 Β11(1
721 3986 798 4041 nieht
851 3990 980 4040 00100010
997 3987 1118 4054 gewinnt
1134 3986 1195 4041 hier
1212 3985 1257 4040 die
1268 3983 1428 4053 Bedentnng

218 4073 266 4129 des
285 4073 478 4141 angesehenen
496 4073 591 4143 Cesar,
610 4074 681 4130 nooh
698 4074 749 4130 wie
768 4089 798 4130 es
851 4074 1034 4142 anelabat,
1061 4075 1112 4130 wie
1134 4090 1165 4129 00
1190 4075 1220 4128 10
1242 4073 1292 4128 der
1316 4073 1428 4130 Frende

216 4163 245 4217 in
257 4161 797 4232 1100000000,οο0000001000010100·
851 4163 888 4218 im
907 4163 1079 4230 Gegensatae
1102 4180 1152 4218 zur
1175 4163 1286 4218 1101001
1310 4179 1346 4216 zu
1372 4164 1428 4218 sein

217 4267 276 4307 sam
293 4251 322 4305 in
339 4252 413 4308 einer
424 4252 627 4321 bmwnngenen
640 4251 720 4306 Stadt
738 4251 798 4308 aioh
850 4249 950 4321 pllegt3
964 4250 1012 4306 der
1021 4251 1122 4306 Zuaata
1131 4250 1428 4306 bekrrndetverletnten

218 4340 398 4396 daraubieten
417 4338 512 4410 pflegt.
850 4337 1061 4396 Nationalstolz.
1095 4337 1428 4408 inerudissimis
