2972 4824
203 255 245 316 30
668 267 752 326 ulier
771 271 792 325 1.
820 271 885 340 cap.
905 275 948 327 aa.

257 411 473 502 commonibus
497 413 667 479 commodis
682 417 775 480 nocta
797 413 939 496 proxima
961 414 1118 498 iugulavit
1140 433 1197 497 per
1219 413 1431 498 gladiatores

256 535 340 597 suos,
373 537 453 601 quos
475 520 508 585 in
531 519 660 586 exitium
690 520 824 586 militum
848 519 947 587 habet
969 525 1065 603 atque
1090 526 1203 589 armat.
1249 520 1431 604 responde,

254 623 379 706 Blaeso,
401 624 457 690 ubi
479 624 615 691 cadaver
638 625 806 692 abieceris:
837 644 877 692 ne
900 625 1008 693 hostes
1031 626 1157 708 quidem
1180 623 1432 711 sepultura'in-

204 729 373 800 revident.
420 748 491 797 cum
514 730 639 811 osculis,
673 750 744 797 cum
767 730 906 798 lacrimis
935 731 1074 798 dolorem
1106 750 1211 798 meum
1233 731 1430 814 implevero,

255 854 307 901 me
329 854 453 918 qnoque
483 836 636 902 trucidari
658 835 740 919 iube,
771 837 845 904 dum
872 835 1056 904 interiectos
1083 837 1205 904 nullum
1233 839 1272 905 ob
1302 837 1430 918 scelus,

257 942 314 1008 sed
335 942 410 1024 quia
432 942 562 1011 utilitati
584 942 743 1027 legionum
768 943 1021 1025 consulebamus,
1045 944 1078 1010 hi
1101 943 1284 1028 sepeliant“

346 1052 397 1115 23.
433 1049 628 1115 Incendebat
657 1048 735 1114 haec
764 1047 840 1115 fletu
875 1054 908 1115 et
941 1055 1051 1132 pectus
1082 1054 1178 1133 atquc
1205 1066 1239 1115 os
1270 1049 1431 1115 manibus

256 1150 437 1221 verberans.
490 1172 564 1220 mox
594 1153 734 1220 disiectis
768 1172 901 1236 quorum
935 1173 993 1237 per
1026 1173 1152 1221 umeros
1186 1154 1429 1234 sustinebatur,

256 1275 410 1342 praeceps
441 1263 473 1325 et
502 1258 698 1340 singulorum
727 1258 862 1342 pedibus
884 1258 1053 1326 advolutus
1084 1264 1210 1326 tantum
1234 1265 1430 1325 consterna-

256 1363 350 1429 tionis
384 1363 584 1447 invidiaeque
618 1365 762 1445 concivit,
798 1368 834 1430 ut
863 1382 938 1446 pars
972 1365 1106 1431 militum
1136 1364 1333 1448 gladiatores
1371 1363 1430 1446 qui
1467 1389 1468 1394 ¹

221 1487 275 1542 aa
305 1469 434 1536 servitio
462 1469 569 1536 Blaesi
596 1475 696 1550 erant,
728 1489 804 1554 pars
832 1474 970 1537 ceteram
999 1471 1139 1537 eiusdem
1168 1469 1323 1537 familiam
1354 1471 1429 1536 vin·

257 1574 366 1655 ciram,
398 1574 453 1641 alii
481 1575 524 1640 ad
552 1575 767 1658 quaerendum
795 1593 909 1661 corpus
936 1574 1182 1646 effunderentur.
1229 1595 1267 1643 ac
1289 1575 1325 1641 ni
1348 1593 1427 1659 pro·
1467 1585 1468 1668 ᾗ

256 1697 332 1762 pere
354 1698 456 1762 neque
473 1698 588 1764 corpus
610 1680 710 1746 ullum
726 1681 866 1765 reperiri,
890 1685 922 1747 et
937 1699 1044 1748 servos
1060 1681 1210 1749 adhibitis
1226 1681 1428 1747 cruciatibus

256 1784 399 1853 abnuere
413 1786 552 1869 caedem,
575 1805 679 1869 neque
693 1787 741 1853 illi
762 1786 859 1853 fuisse
881 1805 1032 1871 umquam
1046 1787 1177 1854 tratrem
1192 1788 1425 1871 pemotuisset,

257 1891 343 1957 haud
374 1892 508 1959 multum
544 1894 584 1959 ab
618 1893 713 1959 exitio
747 1893 846 1977 legati
877 1892 1022 1962 aberant.
1067 1893 1211 1960 tribunos
1242 1899 1353 1959 tamen
1387 1908 1428 1956 ac
1467 1933 1468 1940 κ

207 2019 239 2072 10
257 1996 452 2100 praefectum
482 2005 659 2066 castrorum
681 2004 853 2082 extrusere,
884 1999 1028 2066 sarcinae
1051 1998 1238 2083 fuglentium
1263 1998 1424 2082 direptae,

258 2109 290 2170 et
318 2104 460 2171 centurio
482 2104 620 2171 Lucilius
649 2103 847 2186 interficitur,
880 2105 930 2171 cui
959 2103 1150 2172 militaribus
1180 2103 1304 2172 facetiis
1328 2121 1425 2170 voca·
1467 2123 1468 2130 Ι

257 2208 366 2276 bulum
398 2210 493 2290 ,cedo
520 2210 675 2277 alteram“
707 2210 898 2292 indiderant,
931 2211 1005 2293 quia
1032 2210 1137 2277 fracta
1163 2210 1227 2276 vite
1260 2210 1295 2276 in
1326 2214 1424 2292 tergo

257 2315 365 2382 militis
394 2316 529 2383 alteram
557 2317 646 2418 clara
668 2335 746 2384 voce
777 2336 816 2384 ac
839 2334 948 2383 rursus
970 2317 1066 2383 aliam
1089 2315 1250 2400 poscebat.
1296 2320 1424 2382 ceteros

257 2420 401 2488 latebrae
432 2427 550 2504 texere,
582 2442 645 2489 uno
674 2428 799 2489 retento
827 2422 988 2490 Clemente
1018 2422 1108 2503 lulio,
1139 2421 1194 2504 qui
1221 2419 1424 2505 perferendis
1467 2463 1468 2492 l

207 2547 239 2598 15
258 2527 394 2593 militum
423 2528 584 2595 mandatis
612 2529 791 2596 habebatur
820 2530 951 2596 idoneus
979 2527 1021 2594 ob
1043 2531 1223 2612 promptum
1245 2527 1422 2610 ingenium.

1467 2749 1468 2812 l

259 2633 334 2715 quin
364 2634 453 2718 ipsae
482 2635 566 2701 inter
593 2653 627 2702 se
649 2634 789 2719 legiones
817 2639 929 2703 octava
952 2640 985 2702 et
1007 2635 1119 2717 quinta
1146 2633 1279 2701 decuma
1300 2631 1422 2700 famum

480 2815 520 2824 -η

241 2915 266 2970 7.
278 2911 455 2982 gladiatores,
467 2914 569 2972 welche
578 2931 630 2970 ron
638 2913 785 2974 denStatt·
875 2918 917 2971 10.
935 2913 1044 2984 implere
1061 2929 1113 2970 von
1132 2913 1208 2970 einer
1225 2911 1421 2970 Gamdtsstim·

204 2999 315 3070 haltern
338 3002 475 3058 annuebat
497 3020 546 3058 zur
566 3003 786 3074 Veranstaltnng
839 3021 933 3074 mung:
953 3003 1125 3071 stttigan.

205 3105 259 3145 ron
282 3088 393 3159 Spislsn
416 3089 547 3159 gahalten
573 3089 693 3148 wurden.
725 3091 785 3160 Vgl,
873 3110 921 3182 23,
942 3115 964 3165 1·
988 3107 1147 3164 ,mulgebat
1164 3108 1230 3162 pm
1247 3106 1312 3176 (γει,
1330 3107 1369 3174 η,
1388 3109 1422 3162 gp
1467 3159 1468 3180 ἢ

205 3177 334 3244 xi11,s1
359 3178 446 3234 edim
467 3176 578 3246 Cacsar,
596 3195 630 3234 m
648 3179 711 3249 4¹⁴4ss
728 3195 785 3234 Μ·
838 3213 973 3254 sermoraea
998 3196 1143 3268 amadati:
1180 3196 1275 3252 seium
1305 3194 1422 3250 Wartcn

203 3265 339 3336 dmm
350 3271 400 3320 Μ
413 3272 589 3335 WWW’
609 3267 656 3336 42⁴5
669 3267 785 3337 mm·
840 3288 920 3344 eincn
938 3287 992 3343 tiel
1001 3284 1193 3356 ergreifenden
1206 3282 1350 3340 Elindrucir
1362 3297 1421 3338 ver·

204 3354 275 3410 mm
299 3354 439 3423 ⁰⁶ll'm'0b
468 3355 651 3425 8llessl‘wl‘lum
676 3355 786 3426 dmm·
840 3376 941 3435 leiben.
977 3363 1052 3432 I'Jber
1076 3372 1125 3430 das
1151 3371 1230 3443 Impf.
1256 3387 1291 3426 an
1310 3371 1421 3438 Aurana
1467 3431 1468 3436 ,

205 3448 297 3497 mm
315 3442 412 3498 mm·
840 3465 917 3520 eines
935 3463 1032 3520 Sataas
1049 3462 1102 3530 agl.
1121 3460 1156 3516 ΙΙ.
1174 3465 1191 3517 'l
1208 3459 1301 3516 dotat

240 3552 266 3604 9.
295 3548 343 3602 abi
361 3588 389 3607 ..
407 3547 536 3604 maceria
554 3548 608 3619 vgl.
625 3548 701 3605 Suet.
720 3549 786 3605 Ner.
875 3556 901 3611 5.
925 3551 1070 3621 fordiam,
1098 3552 1167 3620 Agr.
1193 3549 1269 3619 19,2
1297 3547 1420 3602 domum
1467 3529 1468 3616 J

206 3640 241 3692 48
270 3637 352 3692 odore
379 3637 530 3692 oblecticii
556 3638 603 3692 otc
629 3637 786 3707 certaverim
840 3642 884 3698 die
902 3657 963 3696 zum
976 3638 1091 3707 Gatolga
1109 3639 1159 3694 des
1177 3636 1358 3693 Stattbsltcrs
1377 3650 1421 3707 ge·
1467 3671 1468 3674 =

206 3725 262 3780 Cic.
288 3724 334 3781 lin.
354 3726 388 3796 V,
406 3728 450 3794 30,
469 3729 504 3782 92
526 3726 640 3781 aculam
662 3726 693 3780 lm
714 3727 787 3780 mori
841 3729 982 3786 hdrenden
1000 3728 1186 3798 apparitores,
1205 3727 1329 3794 lictores,
1343 3741 1417 3796 prae·
1467 3733 1468 3774 l

207 3812 357 3880 ediscerem
377 3814 455 3873 (lass.
475 3815 539 3883 bg.
558 3815 591 3884 V,
605 3819 638 3870 10
656 3831 739 3870 uoces
756 3815 788 3870 in
841 3832 932 3887 eones,
952 3816 1069 3883 scribae,
1089 3815 1215 3871 viatores.

206 3901 287 3956 litore
310 3901 418 3970 eiectae
449 3905 536 3960 wobci
565 3903 642 3960 nicht
668 3919 703 3959 an
733 3904 787 3960 den
877 3902 1418 3972 9.coeeitioabcrantvgl.hist111,

207 3989 268 4058 Ort,
304 3990 395 4047 wohin
426 3999 512 4048 etwas
541 3992 679 4062 geworten
709 3993 786 4060 wird,
841 3997 875 4050 32
893 3992 973 4048 ccede
991 3993 1113 4047 admont.

207 4079 328 4137 sondern
342 4096 383 4136 wo
402 4095 432 4136 es
451 4079 651 4147 sichbefindet,
669 4080 786 4151 gedacbt
878 4085 917 4137 14.
944 4081 1080 4150 perferre:
1110 4078 1335 4142 auaricbtcn;
1366 4075 1417 4148 rgl.
1467 4119 1468 4160 ,

207 4168 283 4225 wird.
303 4197 334 4210 ·-
354 4167 476 4224 maldera
494 4184 519 4228 c.
536 4169 590 4225 abl.
609 4185 682 4228 caus.
702 4169 786 4226 sebon
839 4171 884 4227 26.
901 4172 946 4228 67.
1467 4205 1468 4208 =

207 4257 787 4328 bonivius11‚toaoasnaidarantlcada
877 4260 920 4314 15.
938 4257 1053 4312 idoneas
1072 4256 1123 4312 wie
1136 4261 1227 4325 apicas,
1239 4257 1415 4323 opponamus,

209 4363 260 4402 suc
278 4347 436 4403 arctioribus
453 4345 508 4400 viri
526 4345 653 4401 Romani.
840 4345 942 4414 foedis,
955 4349 1102 4416 promptus
1119 4361 1146 4398 u.
1165 4359 1189 4400 a.
1210 4342 1272 4411 Adi.
1291 4343 1342 4398 mit
1359 4342 1414 4398 dan
1467 4347 1468 4382 ἒ
