2972 4824
621 79 623 86 '
699 99 711 130 ο

512 262 595 320 Liber
613 265 633 320 1.
662 265 727 332 Gap.
748 267 790 319 13.
1211 250 1250 310 21

27 402 239 471 sermonibus
270 423 341 470 oum
369 410 533 487 tractaret,
568 407 696 489 quinam
724 407 857 490 adipisci
889 405 1062 490 principem
1095 404 1235 476 locuma

29 507 206 576 suffecturi
237 510 412 577 abnuerent
443 517 500 577 aut
521 513 648 594 inpares
671 512 789 579 vellent
811 512 859 578 vel
888 511 969 578 idem
994 517 1124 594 possent
1147 530 1201 577 cu-

28 619 231 698 perentque,
266 614 320 684 M’.
348 617 502 699 Lepidum
539 618 663 684 dixerat
697 636 844 700 capacem
876 618 933 683 sed
965 621 1200 700 aspernantem,

28 721 169 787 Gallum
192 721 334 787 Asinium
357 723 485 788 avidum
509 729 542 791 et
564 724 726 807 minorem,
750 723 786 791 L.
805 723 990 789 Arruntium
1013 742 1077 789 non
1099 721 1201 803 indig-

28 846 113 892 num
139 833 182 908 et,
210 829 236 894 si
259 845 350 893 casus
373 829 513 910 daretur,
546 847 707 896 ausurum.
753 829 792 895 de
814 829 973 911 prioribus
997 829 1201 908 consentitur,

30 951 93 1015 pro
119 933 272 998 Arruntio
295 934 423 1016 quidam
439 933 495 1000 Cn.
510 935 657 1001 Pisonem
679 934 858 1016 tradiderc;
883 952 1054 1016 omnesque
1075 937 1255 1017 praeterio

29 1037 196 1120 Lepidum
226 1039 321 1104 variis
352 1058 424 1106 mox
454 1041 637 1106 criminibus
672 1046 815 1106 struente
842 1039 968 1106 Tiberio
1001 1039 1203 1104 obcumventi

31 1149 123 1210 sunt.
172 1144 268 1209 etiam
301 1145 338 1224 Q.
372 1145 523 1212 Haterius
558 1153 591 1213 et
622 1146 799 1212 Mamercus
834 1145 972 1212 Scaurus
1006 1145 1203 1238 suspicacem

31 1250 181 1314 animum
202 1251 424 1335 perstrinxere,
446 1252 599 1318 Haterius
624 1270 695 1318 cum
716 1252 847 1318 dixisset
866 1268 1046 1336 ,quousque
1061 1250 1202 1332 patieris,

34 1354 171 1436 Caesar,
194 1375 259 1422 non
281 1357 392 1424 adesse
416 1364 511 1441 caput
533 1360 580 1424 rei
595 1358 794 1441 publicael“,
818 1356 958 1423 Scaurus
980 1358 1062 1439 quia·
1071 1356 1201 1436 dixerat,

34 1480 128 1544 spem
153 1481 223 1529 esse
245 1482 285 1528 ex
300 1481 337 1529 eo
361 1482 423 1529 non
446 1465 558 1530 inritas
581 1463 649 1531 fore
665 1468 793 1530 senatus
809 1482 931 1546 preces,
954 1462 1039 1545 quod
1055 1462 1202 1528 relationi
1222 1481 1254 1532 15

35 1568 208 1634 consulum
241 1571 310 1635 iure
345 1570 533 1636 tribuniciae
566 1571 735 1652 potcstatis
770 1589 833 1636 non
867 1568 1108 1636 intercessisset.
1170 1568 1202 1632 in

35 1674 211 1740 Haterium
234 1675 344 1740 statim
366 1667 515 1741 invectus
533 1680 600 1755 est;
633 1673 799 1755 Scaurum,
823 1675 873 1741 cui
896 1673 1115 1759 inplacabilius
1139 1673 1203 1738 ira-

36 1781 200 1861 scebatur,
223 1781 348 1846 silentio
364 1781 511 1850 tramisit.
557 1780 724 1863 fessusque
740 1780 875 1847 clamore
891 1781 1039 1861 omnium,
1056 1784 1203 1862 expostu-

36 1885 161 1951 latione
183 1885 381 1969 singulorum
409 1884 497 1953 flexit
518 1887 682 1970 paulatim,
716 1906 780 1953 non
801 1891 838 1952 ut
860 1885 1016 1952 fateretur
1045 1885 1163 1968 suscipi
1184 1904 1204 1950 a

38 2010 75 2057 se
99 1991 276 2073 imperium,
308 1992 364 2058 sed
387 1998 423 2056 ut
445 2010 561 2076 negare
590 2000 623 2059 et
644 1993 750 2074 rogari
773 1993 942 2059 desineret.
988 1996 1115 2058 constat
1137 1990 1204 2056 Ha·
1222 2009 1257 2060 20

39 2097 167 2179 terium,
191 2116 262 2164 cum
278 2097 467 2180 deprecandi
483 2117 580 2165 eausa
594 2099 754 2165 Palatium
769 2099 933 2164 introisset
949 2096 1203 2178 ambulantisque

40 2202 161 2268 Tiberii
182 2222 286 2286 genua
301 2203 533 2289 advolveretur,
555 2223 653 2288 prope
675 2223 695 2270 a
717 2204 870 2270 militibus
890 2203 1104 2284 interfectum,
1128 2203 1203 2285 quia

77 2399 102 2452 6.
122 2395 265 2464 merim
282 2397 401 2466 absolut,
413 2399 464 2453 wie
478 2396 568 2453 Germ.
580 2401 622 2452 13.
713 2399 754 2450 lo.
772 2409 863 2450 omnes
880 2411 1013 2466 ungenau,
1032 2394 1067 2450 da
1078 2412 1131 2451 nur
1143 2395 1257 2450 Asinius

43 2515 77 2526 -
95 2491 147 2541 out
164 2525 191 2540 ..
210 2485 250 2539 eet
267 2485 313 2540 nie
330 2486 358 2539 in
376 2487 443 2540 zwei
460 2487 623 2555 lcorrespon·
678 2483 772 2538 Gallus
791 2483 986 2539 aulAnstilten
1005 2482 1053 2538 des
1073 2484 1133 2538 Tib.
1151 2489 1257 2552 getdtet

44 2573 193 2631 dierenden
206 2573 333 2629 Gliedern
352 2575 381 2629 in
400 2573 449 2629 der
461 2573 624 2641 Bedautung
677 2571 771 2627 wurde
790 2571 848 2640 (VI,
861 2571 916 2640 23),
934 2571 964 2626 in
976 2571 1068 2641 Bezug
1085 2571 1137 2627 auf
1153 2576 1257 2627 Arrun·

45 2662 217 2718 entwcder
233 2693 263 2700 —
276 2663 373 2733 oder,
385 2661 505 2732 sondern
518 2679 550 2718 so
563 2662 623 2718 dala
677 2661 732 2717 tius
757 2659 836 2729 (oder
855 2660 932 2731 Piso)
960 2661 1026 2716 abar
1055 2661 1129 2716 seina
1154 2659 1257 2714 Schuld

44 2752 84 2807 vel
96 2752 158 2807 dem
171 2755 221 2804 aut
240 2750 492 2806 sicbunterordnet
510 2750 624 2820 (XIV,3
677 2750 757 2806 nicht
775 2750 907 2806 erwiasen
926 2750 963 2804 ist
987 2749 1045 2819 (Vl,
1064 2751 1107 2803 48.
1131 2749 1182 2815 ΙΙΙ,
1203 2749 1257 2816 15).

45 2841 75 2894 ire
94 2841 187 2894 hortos
204 2843 254 2892 aut
269 2838 453 2894 Tusculanum
471 2837 511 2894 oet
523 2838 623 2892 Aratio·
713 2842 756 2894 11.
782 2837 956 2892 circumuenti
985 2837 1022 2891 im
1049 2837 1256 2904 ubertragencn

45 2934 97 2983 tem
117 2929 149 2981 tre
172 2925 280 2996 aprum)
299 2926 376 2992 oder,
398 2927 448 2982 wie
472 2926 543 2993 bier,
571 2925 624 2980 den
677 2925 760 2982 Sinna
779 2933 816 2970 ='
832 2925 867 2981 ad
885 2925 1033 2994 perniciem
1052 2925 1165 2980 redacti.

48 3017 134 3072 durch
143 3019 192 3069 aut
204 3014 450 3070 unterscbiedanen
457 3014 552 3070 Tellen
564 3015 624 3069 eina
715 3018 756 3070 l2.
776 3013 807 3083 Q.
827 3013 963 3068 Haterius
984 3012 1097 3082 ,familia
1110 3013 1256 3080 senatoria,

47 3106 147 3161 andere
166 3103 278 3172 Angabe
302 3104 546 3172 gegenliberstellt;
571 3102 623 3172 vgl.
677 3101 858 3171 eloquentiae,
886 3099 976 3170 quoad
994 3100 1073 3170 vixit,
1093 3099 1257 3156 celebratae‘

49 3195 80 3250 K.
93 3197 136 3250 59.
160 3193 291 3261 Dagegen
309 3191 557 3260 bist.2,10eet—
568 3195 624 3244 eut.
677 3191 725 3259 IV,
743 3194 786 3245 61.
810 3219 844 3230 -
871 3189 956 3243 Mem.
982 3186 1105 3243 Scaurus
1133 3189 1256 3257 ,insignis

49 3313 83 3323 -
98 3282 167 3337 idem
185 3281 288 3337 Plural.
678 3279 823 3334 nobilitate
842 3284 871 3333 et
883 3276 994 3332 orandis
1007 3277 1106 3344 causis,
1125 3278 1181 3331 vita
1193 3293 1256 3346 pro·

83 3377 107 3428 7.
125 3385 214 3439 capua
232 3370 304 3439 (dem
319 3369 480 3437 suffecturas
499 3376 624 3438 entspre-
677 3369 785 3424 brosus‘
798 3367 858 3438 (Vl,
870 3366 917 3436 29)
936 3370 1023 3421 totete
1036 3365 1095 3420 sich
1108 3367 1142 3420 34
1155 3383 1181 3420 ιι.
1194 3365 1258 3420 (lbr.

51 3459 155 3530 cheud):
175 3458 280 3527 salig.
714 3460 755 3511 14.
773 3453 857 3522 reip.
876 3453 958 3508 Datis
977 3471 1013 3508 zu
1032 3453 1134 3510 edesse.

84 3553 107 3605 8.
131 3553 156 3602 et
173 3564 223 3603 vor
240 3547 376 3601 minorem
391 3551 461 3602 statt
478 3545 535 3600 sed.
571 3546 623 3600 Ge·
714 3547 755 3599 15.
780 3542 909 3597 relationi
931 3541 1072 3596 censatum
1100 3539 1150 3595 aul
1170 3527 1257 3595 llber-

52 3637 180 3694 nohnlich
204 3637 265 3692 tritt
290 3631 377 3691 durch
400 3636 444 3691 dia
462 3635 623 3705 lropulative
676 3633 774 3688 nahme
793 3630 842 3686 des
861 3630 1027 3699 Principats,
1050 3645 1103 3684 von
1128 3629 1258 3685 welcbem

54 3733 117 3783 atatt
143 3726 191 3780 der
215 3725 406 3780 adversativen
429 3724 550 3779 Partikel
576 3724 624 3779 der
677 3717 1259 3789 AntragedieSanatsverhandlnngenaus·

55 3815 201 3885 Gegensatr
230 3812 274 3868 als
305 3818 389 3868 etwas
420 3812 624 3868 Unerwartetes
677 3825 818 3878 gegangen
837 3808 897 3863 sein
914 3813 1031 3862 mdssen.

55 3922 95 3960 um
112 3920 141 3959 so
159 3902 236 3957 mehr
255 3901 367 3970 hervor3
385 3901 446 3955 hier
463 3901 499 3955 ist
511 3906 537 3954 et
554 3899 625 3955 wobl
714 3901 756 3956 18.
765 3894 1258 3963 silentiotramittere,nachlclassiacb

56 4010 103 4048 nur
120 4008 166 4046 zur
184 3989 403 4058 Abwacbselung
420 3987 469 4043 mit
489 3989 548 4043 dem
566 4005 625 4044 vor·
678 3993 748 4041 statt
766 3985 807 4040 acl.
821 3984 1039 4054 praetermittere
1058 3983 1125 4039 oder
1132 3992 1257 4052 praeter-

57 4079 235 4150 aulgabendeu
252 4077 300 4133 ced
317 4077 475 4157 gebraucht.
677 4073 734 4142 ire;
752 4074 828 4143 XIII,
847 4077 889 4129 22.
908 4072 973 4126 hist.
991 4071 1039 4138 lV,
1057 4073 1081 4126 9.

89 4174 110 4225 9.
136 4185 216 4223 cosas
239 4191 274 4212 =
299 4169 415 4224 occasio.
450 4165 511 4234 Vgl.
536 4165 583 4233 xi,
608 4167 625 4220 9
714 4165 756 4217 19.
772 4161 850 4230 flacit
868 4160 985 4229 absolut,
1014 4160 1064 4214 wie
1082 4159 1116 4213 K.
1135 4163 1169 4214 34
1188 4176 1215 4218 u.
1234 4164 1258 4214 o.

59 4255 303 4314 cneusMa'tbra'date'
320 4255 403 4310 detes
421 4258 461 4309 est
473 4253 626 4322 occupandi
713 4254 756 4305 20.
774 4249 888 4320 repert:
908 4249 985 4304 sich
1002 4249 1117 4304 bitten
1129 4247 1258 4303 lassen.

60 4346 211 4402 Armeniam.
714 4343 756 4394 22.
775 4337 917 4393 advolvere
934 4337 979 4392 bei
998 4337 1029 4390 T.
1047 4335 1098 4389 mit
1117 4335 1176 4390 dem
1195 4339 1259 4392 Acc.
