2972 4824
206 257 247 317 32
635 268 718 324 Liber
737 269 758 322 1.
794 270 859 338 (lap.
879 273 922 327 25.
940 272 983 325 26.

258 410 375 478 inluvie
404 410 539 480 deformi
570 416 604 477 et
632 410 732 493 vultu,
764 430 956 494 quamquam
986 412 1180 480 maestitiam
1206 415 1427 496 imitarentur,
1462 445 1463 460 ι

258 519 476 586 contumaciae
498 518 670 600 propiores.

347 629 398 690 25.
427 624 599 705 Postquam
621 622 738 689 vallum
764 623 895 706 introiit,
925 628 1034 707 portas
1063 626 1254 693 stationibus
1285 627 1429 703 firmant
1463 655 1464 698 l

258 731 368 814 globos
383 734 579 795 annatorum
602 729 697 796 certis
714 734 889 795 castrorum
912 728 990 797 locis
1006 732 1145 813 opperiri
1168 731 1298 799 iubent:
1323 735 1430 802 ceteri
1463 712 1464 764 ¹

257 835 399 902 tribunal
414 837 536 919 ingenti
552 836 678 919 agmine
693 835 953 906 circumveniunt.
997 836 1104 903 stabat
1120 839 1244 905 Drusus
1259 838 1429 907 silentium

258 961 353 1008 manu
367 959 510 1024 poscens.
556 941 602 1007 illi
617 942 764 1024 quotiens
779 941 887 1010 oculos
911 943 952 1009 ad
967 942 1203 1010 multitudinem
1218 944 1426 1026 rettulerant,

222 1049 386 1120 ovoeibus
412 1048 601 1115 truculentis
630 1053 781 1132 strepere,
814 1067 942 1116 rursum
973 1049 1041 1115 riso
1073 1048 1211 1117 Caesare
1241 1051 1427 1134 trepidare,
1464 1004 1465 1092 ¹

257 1174 401 1221 murmur
422 1155 589 1235 incertum,
615 1165 706 1220 atrox
721 1155 842 1222 clamor
865 1159 1052 1238 strepente
1075 1157 1181 1239 quies;
1204 1157 1341 1224 diversis
1359 1160 1426 1224 ani-

258 1279 380 1327 morum
413 1259 553 1328 motibus
587 1261 747 1343 pavebant
779 1262 1014 1344 terrebantque.
1079 1262 1209 1328 tandem
1243 1264 1426 1347 interrupto

257 1368 397 1434 tumultu
417 1367 529 1433 literas
555 1368 656 1449 patris
678 1367 803 1448 recitat,
832 1367 866 1433 in
888 1368 959 1449 quis
981 1367 1194 1450 perscriptum
1218 1374 1298 1450 erat,
1329 1389 1426 1452 prae-
1465 1354 1466 1404 ἶ

259 1474 383 1558 cipuam
404 1473 467 1556 ipsi
480 1472 726 1540 fortissimarum
748 1473 907 1556 legionum
931 1491 1050 1554 curam,
1074 1474 1261 1556 quibuscum
1284 1475 1425 1558 plurimu

206 1598 240 1648 10
257 1580 342 1646 bella
374 1579 594 1660 toleravisset3
634 1578 688 1645 ubi
724 1579 862 1662 primum
895 1598 915 1645 a
948 1580 1038 1646 luctu
1072 1581 1249 1662 requiesset
1282 1582 1421 1664 animus,

257 1690 404 1752 acturum
438 1685 525 1768 apud
556 1689 664 1768 patres
700 1685 738 1751 de
772 1685 942 1768 postulatis
977 1703 1100 1764 eorum3
1138 1686 1261 1752 misisse
1294 1687 1425 1754 interim
1466 1704 1467 1768 ι

257 1790 366 1872 filium,
399 1796 437 1856 ut
457 1791 526 1856 sine
550 1791 752 1858 cunctatione
783 1791 969 1858 concederet
992 1809 1075 1874 quae
1099 1791 1207 1857 statim
1230 1792 1331 1859 tribui
1353 1813 1425 1877 pos·
1466 1779 1467 1782 ¹

259 1904 347 1977 sent;
371 1903 477 1965 cetera
493 1898 618 1964 senatui
633 1898 800 1979 servanda,
824 1913 918 1978 quem
934 1915 1036 1981 neque
1052 1897 1176 1979 gratim
1191 1916 1292 1980 neque
1309 1902 1425 1966 severi-

258 2005 336 2070 tatis
359 2009 521 2087 expertem
543 2004 654 2072 haberi
677 2023 737 2088 par
760 2009 853 2072 esset.

349 2114 400 2176 26.
432 2111 629 2194 Responsum
653 2117 703 2178 est
724 2131 746 2178 a
767 2111 923 2190 contione,
952 2110 1108 2176 mandata
1130 2109 1287 2176 clementi
1317 2117 1425 2176 centu·

259 2216 341 2282 rioni
364 2235 445 2298 quae
468 2215 633 2299 perferret.
678 2217 706 2282 is
729 2217 854 2284 orditur
884 2216 923 2282 de
946 2215 1095 2281 missione
1118 2233 1139 2281 a
1160 2215 1298 2282 sedecim
1321 2218 1424 2298 annis,

260 2324 299 2390 de
325 2323 472 2405 praemiis
498 2321 608 2388 finitae
637 2323 775 2404 militiae,
809 2328 847 2389 ut
877 2323 1026 2389 denarius
1061 2322 1208 2387 diurnum
1231 2323 1423 2405 stipendium

258 2428 350 2509 foret,
380 2448 421 2496 ne
444 2430 588 2495 veterani
610 2432 668 2497 sub
692 2429 805 2496 vexillo
829 2430 1031 2497 haberentur.
1077 2429 1120 2494 ad
1142 2448 1182 2495 ea
1204 2429 1329 2495 Drusus
1353 2449 1423 2496 cum
1468 2400 1469 2470 ¹

224 2552 240 2604 5
260 2534 425 2601 arbitrium
448 2541 579 2601 senatus
602 2540 636 2602 et
658 2537 758 2618 patris
782 2537 980 2616 obtenderet,
1005 2535 1143 2603 clamore
1166 2536 1326 2603 turbatur.
1370 2555 1425 2602 cur

258 2640 398 2706 venisset
429 2658 532 2722 neque
561 2642 715 2725 augendis
748 2641 886 2708 militum
915 2642 1084 2725 stipendiis
1113 2660 1216 2723 neque
1239 2641 1423 2708 adlevandis

257 2745 428 2829 laboribus,
452 2747 586 2829 denique
610 2746 698 2814 nulla
720 2747 962 2814 benefaciendi
985 2747 1138 2815 licentia?
1161 2751 1196 2813 at
1210 2746 1340 2813 hercule
1356 2767 1424 2813 ver·

258 2853 337 2920 bera
360 2858 392 2918 et
415 2871 523 2920 necem
547 2853 670 2919 cunctis
684 2855 835 2935 permitti.
880 2852 1039 2920 Tiberium
1056 2853 1130 2920 olirn
1146 2853 1275 2919 nomine
1290 2852 1424 2934 Augousti

241 3114 289 3187 25,
308 3118 333 3172 3.
357 3117 451 3171 stabat
469 3116 517 3172 das
534 3116 624 3187 lmpf,
642 3118 692 3172 wie
711 3121 737 3185 7,
755 3120 789 3172 21
844 3132 871 3171 n.
896 3116 961 3177 Chr.
988 3116 1049 3172 eina
1063 3129 1065 3135 ·
1079 3114 1246 3185 abermalige
1272 3113 1423 3183 Erbebnnp

207 3203 301 3259 dabat.
843 3204 939 3261 beider
956 3204 1067 3260 Ltnder
1085 3203 1290 3271 niederschlug.

242 3296 268 3348 4.
295 3292 346 3362 illi,
374 3293 477 3349 welche
499 3294 549 3349 das
571 3294 705 3350 Tribunal
731 3312 789 3350 um·
882 3297 923 3349 11.
941 3292 1019 3362 apud
1027 3296 1132 3362 potres,
1151 3292 1211 3347 Tib.
1223 3307 1275 3360 cog
1286 3306 1317 3347 es
1336 3292 1365 3347 in
1377 3291 1422 3345 der

207 3379 323 3438 standon
348 3381 405 3436 und
422 3381 575 3438 bosonders
599 3381 643 3439 dia
662 3383 790 3439 Urheber
843 3379 931 3449 Regsl
954 3394 1012 3450 vor,
1036 3384 1107 3435 rtatt
1130 3377 1216 3434 selbst
1242 3396 1276 3434 zu
1294 3379 1422 3445 handen,

207 3470 264 3525 und
281 3470 376 3525 Leiter
394 3471 443 3525 der
462 3469 624 3538 Bewegung.
843 3467 897 3523 den
927 3466 1013 3524 Senot
1044 3467 1085 3522 als
1116 3466 1274 3536 Werlrzeug
1309 3485 1344 3524 zu
1380 3483 1421 3537 ge

242 3560 267 3613 6.
286 3563 311 3612 et
328 3574 378 3613 zur
396 3558 552 3614 besondern
569 3559 790 3630 Hervorhabung
844 3555 991 3613 brauchen.

208 3647 256 3702 des
269 3646 371 3703 dritten
382 3646 506 3703 Gliedes:
525 3646 593 3702 und
610 3647 708 3703 dann.
727 3648 789 3716 Vgl.
881 3648 923 3700 13.
942 3659 1020 3714 quon
1037 3683 1062 3702 ..
1081 3647 1164 3699 mort:
1189 3642 1254 3699 dan
1281 3645 1342 3700 vie
1368 3644 1422 3699 der

208 3735 241 3789 Κ,
266 3738 301 3789 44
329 3740 355 3791 et
382 3735 554 3808 duceret„-
581 3740 691 3804 repente
719 3741 791 3791 stutt
845 3732 964 3788 Gnade
984 3748 1020 3788 so
1041 3731 1263 3801 derStranga
1282 3738 1420 3802 ingung-

207 3839 304 3892 repeaa
321 3841 414 3894 regen
427 3824 615 3880 derVorliebe
633 3824 682 3879 des
695 3824 727 3879 T.
745 3823 791 3879 idn
844 3821 921 3877 lich
939 3837 983 3876 au
1000 3821 1121 3876 hulten
1139 3820 1215 3876 sich
1233 3821 1393 3890 geniema.

209 3913 262 3968 den
280 3912 412 3968 Wachrel
432 3912 482 3968 der
500 3912 639 3968 Strulrtnr.
880 3909 929 3981 28,
947 3914 972 3964 2.
990 3909 1086 3964 misae
1104 3925 1122 3963 a
1141 3907 1175 3963 Κ.
1195 3911 1238 3978 19,
1258 3914 1300 3965 11.

246 4003 287 4058 10.
313 4000 390 4068 dedu,
416 4002 505 4057 indenr
527 4018 559 4057 er
585 4002 614 4055 in
633 4000 692 4056 drei
710 3999 792 4055 Feld·
881 4001 907 4053 δ.
924 3996 1078 4053 obtenderet
1096 3997 1150 4065 vgl.
1162 3996 1196 4052 K
1211 3999 1252 4066 10,
1264 4001 1282 4052 2
1294 3997 1419 4052 oleum

208 4096 296 4160 rugen
316 4092 422 4146 12-10
439 4107 464 4145 ι.
475 4089 538 4146 (lhr.
557 4090 639 4145 einen
651 4086 792 4144 Anfstand
847 4115 880 4125 -
907 4085 1024 4140 clamore
1050 4086 1195 4142 turbetur:
1229 4084 1355 4142 entsteht
1381 4083 1418 4138 eiu

210 4178 384 4234 Pannonicus
411 4178 467 4232 und
494 4178 543 4233 des
574 4177 634 4234 sich
660 4177 716 4232 ihm
743 4192 792 4231 an·
846 4173 944 4230 wirres
962 4173 1104 4229 Geschrei.

211 4266 415 4324 schliessenden
433 4265 608 4322 Delmatiens
627 4264 713 4320 brach
736 4263 793 4318 und
881 4265 907 4320 o.
926 4261 1061 4330 oupenda's
1079 4260 1177 4317 tinsler
1196 4261 1285 4317 Datis.

209 4356 238 4409 in
257 4357 344 4412 duem
362 4371 453 4412 neuen
464 4354 591 4422 blutigen
603 4353 705 4422 Kriegs
723 4355 793 4407 6-9
881 4353 908 4406 6.
925 4349 1030 4406 nunctis
1048 4350 1187 4406 natdrlich
1199 4367 1253 4406 nur
1265 4349 1362 4419 denen,
1380 4347 1418 4402 die
