2934 4818
449 264 533 319 Liber
552 265 586 320 Π.
614 264 680 333 Gap.
699 269 741 319 21.
760 268 803 320 22.
1169 255 1226 314 101

0 436 12 465 ·:
40 409 85 476 lo
126 408 215 475 dedit
241 409 396 492 impetum
422 409 455 474 in
485 407 602 488 silvas;
637 407 764 475 conlato
790 408 856 474 illic
882 407 983 489 gradu
1011 412 1177 474 certatum.

1 519 139 581 ostem
162 534 183 580 a
204 519 295 598 tergo
310 514 411 597 palus,
435 513 593 580 Romanos
609 511 727 580 flumen
750 519 808 581 aut
830 519 954 581 montes
970 514 1177 581 claudebant:

1 622 160 702 trisque
187 621 361 687 necessitas
389 620 422 685 in
443 619 521 700 loco,
554 639 626 704 spes
648 621 682 686 in
705 621 833 702 virtute,
861 620 949 686 salus
973 639 1011 686 ex
1032 621 1175 687 victoria.
1199 641 1231 694 15

96 730 158 792 21.
202 725 269 791 Nec
290 725 394 790 minor
416 723 582 791 Germanis
605 726 739 805 animus,
772 726 828 790 sed
850 743 967 806 genere
998 744 1124 808 pugnae
1146 731 1179 791 et

1 849 176 897 ‚rmorum
199 829 443 912 superabantur,
468 849 540 896 cum
563 830 675 913 ingens
691 830 862 896 multitudo
885 831 966 896 artis
989 831 1067 897 locis
1089 850 1180 914 prae·

2 956 128 1019 ungas
151 937 262 1004 hastas
285 955 349 1003 non
365 937 580 1019 protenderet,
603 955 666 1003 non
683 936 855 1020 colligeret,
878 954 980 1019 neque
1002 937 1181 1004 adsultibus

6 1050 25 1110 t
52 1043 242 1109 velocitate
268 1060 438 1125 corporum
467 1046 621 1123 uteretur,
654 1048 766 1109 coacta
794 1042 909 1110 stabile
939 1042 980 1108 ad
1008 1043 1181 1126 proelium3

7 1156 127 1216 ontra
149 1149 250 1231 miles,
274 1149 325 1215 cui
347 1153 471 1214 acutum
494 1149 615 1230 pectori
637 1150 825 1232 adpressum
847 1154 881 1214 et
903 1149 1045 1215 insidens
1068 1149 1215 1232 capulos

0 1284 17 1315 ιι
28 1275 138 1338 anus,
153 1255 238 1322 latos
254 1254 463 1321 barbarorum
479 1260 579 1335 artus,
602 1254 687 1319 nuda
703 1273 759 1320 ora
774 1254 898 1321 foderet
913 1256 1058 1339 viamque
1073 1261 1181 1338 strage

0 1363 156 1428 restium
171 1362 322 1444 aperiret,
345 1361 525 1443 inprompto
548 1361 611 1426 iam
628 1360 779 1427 armato
802 1362 843 1428 ob
859 1362 1007 1427 continua
1030 1361 1180 1444 pericula,

0 1469 76 1534 ive
105 1468 197 1534 illum
212 1483 324 1534 recens
348 1471 516 1548 acceptum
530 1465 646 1531 vulnus
668 1466 861 1534 tardaverat.
909 1467 984 1548 quin
1009 1474 1042 1533 et
1056 1468 1182 1550 Inguio-

4 1567 148 1655 nerum,
172 1578 245 1640 tota
267 1572 454 1638 vohtantem
478 1571 553 1654 acie,
576 1569 706 1638 fortuna
729 1574 830 1655 magis
852 1591 948 1656 quam
971 1574 1070 1638 virtus
1094 1574 1181 1640 dese-

15 1681 120 1748 ebat.
173 1685 207 1746 et
235 1677 444 1744 Germanicus
472 1695 535 1760 quo
567 1678 669 1758 magis
703 1679 963 1761 adgnosceretur,
999 1680 1182 1746 detraxerat
1203 1703 1235 1754 10

15 1787 158 1868 egimen
180 1784 277 1868 capiti
292 1782 467 1870 orabatque
489 1783 675 1849 insisterent
698 1785 862 1851 caedibus:
886 1784 931 1849 nil
946 1803 1024 1867 opus
1041 1786 1183 1868 captivis,

1 1892 119 1958 olam
141 1890 381 1956 internicionem
405 1890 509 1972 gentis
532 1886 627 1954 finem
650 1889 735 1955 bello
759 1889 837 1958 fore.
884 1891 1009 1972 iamque
1033 1911 1103 1958 sero
1120 1890 1183 1956 diei

0 1997 167 2064 subducit
190 2015 229 2062 ex
251 1998 321 2062 acie
339 1995 496 2078 legionem
518 1993 672 2060 faciendis
689 1997 818 2061 castris:
842 2000 969 2061 ceterae
992 1997 1033 2063 ad
1056 2001 1182 2062 noctem

2 2122 131 2171 cruore
154 2102 294 2169 hostium
317 2101 453 2168 satiatae
475 2104 558 2168 sunt.
606 2101 728 2184 equites
751 2102 898 2184 ambigue
922 2101 1093 2170 certauere.

107 2214 162 2275 22.
195 2208 347 2274 laudatis
378 2225 436 2289 pro
467 2208 613 2273 contione
647 2208 820 2275 victoribus
853 2206 971 2273 Caesar
1006 2208 1183 2290 congeriem

7 2334 182 2383 armorum
205 2315 330 2394 struxit,
354 2313 493 2396 superbo
517 2331 588 2378 cum
611 2313 724 2380 titulo:
750 2313 918 2380 debellatis
940 2316 1023 2380 inter
1039 2314 1184 2381 Rhenum

7 2423 188 2504 Albimque
211 2421 392 2486 nationibus
421 2419 594 2485 exercitum
617 2419 735 2485 Tiberii
758 2418 905 2486 Caesaris
929 2440 968 2486 ea
990 2421 1184 2487 monimenta

9 2529 115 2595 Marti
140 2532 174 2594 et
187 2528 255 2593 lovi
277 2533 310 2592 et
324 2528 469 2606 Augusto
486 2527 673 2592 sacravisse.
719 2526 758 2591 de
781 2545 815 2592 se
838 2526 917 2591 nihil
940 2527 1072 2608 addidit,
1096 2533 1184 2594 metu

11 2635 158 2701 invidiae
187 2653 228 2699 an
256 2637 347 2699 ratus
376 2631 603 2698 conscientiam
630 2631 708 2698 lacti
738 2633 817 2698 satis
846 2650 927 2701 esse.
973 2652 1046 2699 mox
1067 2633 1219 2705 bellums

15 2918 120 2974 dicken
148 2916 241 2972 Steine
269 2915 400 2982 beiestigt
425 2928 498 2977 wem
528 2913 603 2968 diese
693 2915 719 2968 8.
735 2912 792 2968 stoc
810 2930 863 2968 nur
877 2914 915 2968 im
927 2915 1043 2970 zweiten
1056 2914 1164 2984 Gliede;
1183 2914 1237 2984 vgl.

18 3005 266 3064 Schleudersteine
283 3003 391 3059 hiessen
410 3001 522 3056 turtio.
657 3003 678 3070 I,
698 3004 728 3070 63
747 3008 832 3057 unten
851 3002 885 3055 Κ.
905 3003 948 3056 24.
968 3029 1001 3040 -
1027 3016 1121 3056 recena
1139 3003 1237 3058 adver·

55 3117 99 3170 13.
119 3111 186 3167 dora
203 3111 332 3180 impetum
350 3111 395 3166 ein
410 3109 496 3164 durch
509 3109 603 3165 Livius
657 3089 868 3159 bi²l=1mul⁰
893 3093 958 3142 ‘mie
982 3089 1154 3157 ⁰110?an
1183 3108 1237 3146 von

19 3202 249 3271 eingebqrgertgr
267 3198 422 3254 Augdmck,
442 3227 475 3236 ..
495 3197 604 3252 conpago
657 3178 721 3234 Tac.
735 3195 796 3233 zum
809 3179 884 3232 Part.
898 3176 973 3234 Pori.
994 3177 1050 3232 und
1061 3179 1090 3232 in
1103 3178 1155 3233 den
1168 3183 1237 3238 Ann.

18 3291 112 3360 yma„
139 3290 210 3344 auch
232 3289 296 3343 hist,
314 3288 350 3356 Π,
369 3290 418 3354 423
447 3286 492 3341 bei
510 3285 603 3341 Livius
656 3266 728 3321 euch
745 3283 779 3320 zu
797 3265 885 3322 einem
903 3265 1035 3334 Adjektiv
1053 3267 1104 3321 mit
1122 3267 1238 3322 Pertici-

22 3380 130 3434 ,mm
143 3377 227 3446 pede,
246 3377 340 3444 ‚Manu
358 3390 446 3444 202⁸ss
464 3372 568 3432 Menn‘.
655 3353 871 3423 pialbadeutung
888 3353 949 3423 (Vl,
970 3357 1003 3409 10
1021 3369 1044 3408 r.
1063 3355 1237 3422 continuam

57 3489 101 3541 15.
119 3485 152 3538 in
170 3523 196 3539 ..
216 3499 257 3550 cc,
283 3483 387 3538 welche
405 3478 605 3536 verschiedene
657 3442 720 3510 Μ’
739 3444 773 3498 63
785 3458 816 3558 ’ν’
833 3441 1064 3560 ΨΜἙΘΕΜ·
1211 3549 1217 3561 1

25 3575 117 3631 Verba
140 3572 203 3629 sind
226 3572 270 3627 bei
294 3570 347 3626 den
370 3568 475 3625 verscb.
500 3568 604 3638 Prtpo·
692 3551 718 3604 9·
736 3547 893 3649 ΜΜΜΜ
910 3555 961 3604 Μ
974 3546 1037 3604 dem
1046 3548 1242 3618 Nebessbeffflff

26 3659 313 3720 sitionalausdruclran
331 3675 367 3714 au
386 3657 543 3726 argaman?
657 3635 707 3692 (¹⁰¹
725 3637 875 3702 Kfflkhffltl
894 3637 948 3706 Vssl·
967 3638 988 3706 Ῑι
1008 3639 1051 3693 59·

694 3746 736 3800 12.
754 3758 813 3798 aero
831 3743 887 3798 diei
905 3745 956 3800 wie
974 3743 1071 3799 Livius
1090 3749 1160 3799 statt
1177 3760 1238 3799 aero

59 3841 109 3911 21,
127 3842 152 3894 3.
169 3837 292 3906 colligere
310 3834 431 3904 gewinnt
448 3834 485 3888 im
499 3833 605 3903 Gegen·
658 3830 711 3885 die.

29 3939 102 3985 satae
129 3944 163 3982 zu
185 3923 349 3994 protendere
376 3923 420 3978 die
443 3921 605 3989 Bedentung
695 3922 737 3974 13.
752 3919 889 3986 faciendae
907 3918 1006 3973 caetris
1024 3918 1070 3979 fin.
1091 3921 1168 3985 Dat.;
1195 3921 1241 3977 bei

30 4036 77 4075 von
97 4015 229 4071 reducere.
239 4043 269 4054 -
290 4011 445 4068 adsultabat
463 4026 516 4065 nur
533 4010 605 4066 noch
658 4007 755 4062 ducere
773 4024 826 4062 nur
840 4007 888 4064 der
902 4007 982 4062 Dativ
995 4007 1240 4078 praestolanti),

31 4108 109 4174 Verg.
129 4107 160 4158 Α.
179 4103 212 4172 V,
230 4106 293 4160 442.
658 4112 790 4165 uogegen
815 4096 864 4152 das
884 4095 1026 4151 Gerundiv
1050 4097 1101 4152 mit
1119 4096 1165 4164 od,
1190 4098 1240 4152 wie

63 4219 90 4271 6·
106 4209 184 4266 ,maa
201 4225 260 4276 ora,
278 4207 314 4264 (1,
332 4205 403 4262 nach
422 4205 541 4260 Germg
559 4204 607 4258 „533
659 4185 710 4256 ΙΙΙ,
728 4188 763 4240 39
781 4185 819 4239 od
837 4184 1026 4239 acaoloardam
1044 4184 1186 4240 obsidium.

34 4305 80 4358 uni
98 4297 207 4356 alterive
225 4297 313 4351 cosma
331 4300 381 4349 cut
397 4293 484 4364 galea
695 4290 742 4362 22,
761 4294 785 4346 4.
804 4296 909 4345 mdo..
921 4307 960 4344 on
971 4291 1024 4358 vgl.
1038 4291 1060 4360 Ι,
1071 4294 1102 4344 13
1114 4305 1181 4343 coeo
1195 4305 1241 4345 aa.
