2934 4818
506 232 591 288 Liber
609 233 645 288 11.
676 231 742 302 Gap.
761 235 805 290 84.
823 233 868 288 81.
1233 222 1294 284 153

67 377 242 455 gestarum
271 391 308 438 ac
339 376 473 439 mortem
508 374 549 441 ob
579 392 648 440 rem
682 374 841 456 publicam
875 373 988 443 obisse.
1040 373 1242 456 sepulchrum

68 477 276 558 Antiochiae,
310 477 364 544 ubi
393 482 559 559 crematus,
594 478 734 546 tribunal
763 478 981 561 Epidaphnae,
1015 496 1077 561 quo
1109 480 1142 545 in
1171 480 1241 546 loco

67 584 178 649 vitam
206 581 341 648 finierat.
387 587 566 650 statuarum
594 584 776 652 locorumve
806 585 839 650 in
870 585 940 666 quis
968 584 1124 651 coleretur
1155 586 1242 652 haud
1260 607 1295 658 10

68 687 172 755 facile
201 689 272 770 quis
299 706 467 755 numerum
488 689 603 758 inierit.
650 709 721 756 cum
744 696 929 758 censeretur
958 690 1078 772 clipeus
1107 708 1185 757 auro
1208 697 1242 756 et

70 794 296 876 magnitudine
326 794 460 878 insignis
493 795 577 861 inter
612 802 760 862 auctores
793 796 1008 878 eloquentiae,
1043 797 1243 864 adseveravit

69 899 223 966 Tiberius
246 900 373 966 solitum
396 918 569 983 paremque
591 903 705 968 ceteris
726 902 922 968 dicaturum:
946 920 1048 984 neque
1072 903 1156 970 euim
1178 903 1242 969 elo·

71 1006 240 1086 quantiam
269 1004 399 1072 fortuna
428 1006 575 1087 discerni,
608 1014 641 1072 et
669 1009 748 1074 satis
777 1008 921 1089 inlustre,
953 1009 980 1073 si
1009 1018 1133 1075 veteres
1160 1009 1242 1075 inter

71 1111 249 1193 scriptores
272 1111 454 1180 haberetur.
501 1118 649 1194 equester
671 1115 749 1179 ordo
773 1132 908 1180 cuneum
931 1112 1111 1181 Germanici
1133 1114 1294 1199 appel-15

71 1216 158 1283 lavit
188 1217 242 1298 qui
273 1217 432 1284 iuniorum
463 1218 637 1300 dicebatur,
670 1220 874 1302 instituitque
905 1220 953 1285 uti
982 1225 1107 1287 turmae
1137 1221 1242 1286 idibus

72 1321 167 1387 Iuliis
189 1323 361 1404 imaginem
383 1325 451 1389 eius
474 1329 691 1406 sequerentur.
736 1325 889 1408 pleraque
912 1330 1057 1392 manent:
1085 1328 1242 1408 quaedam

73 1428 189 1495 statim
211 1429 329 1494 omissa
351 1433 425 1495 sunt
447 1435 504 1494 aut
526 1435 669 1496 vetustas
693 1430 884 1499 obliteravit.

168 1538 220 1602 84.
245 1531 394 1599 Ceterum
408 1535 531 1600 recenti
545 1536 649 1601 adhuc
665 1536 826 1602 maestitia
842 1554 934 1602 soror
949 1535 1129 1603 Germanici
1142 1537 1241 1618 Livia,

72 1646 181 1721 nupta
202 1641 318 1722 Druso,
351 1639 429 1706 duos
451 1641 553 1706 virilis
576 1659 669 1707 sexus
692 1642 785 1707 simul
808 1642 901 1708 enixa
924 1648 982 1710 est.
1027 1644 1112 1725 quod
1134 1661 1243 1708 rarum

73 1747 261 1826 laetumque
295 1745 393 1811 etiam
426 1746 556 1812 modicis
586 1748 757 1829 penatibus
792 1753 884 1813 tanto
920 1747 1036 1830 gaudio
1070 1749 1242 1831 principem

74 1851 205 1932 adfecit,
237 1856 360 1916 utnon
383 1853 611 1934 temperaverit
638 1855 715 1935 quin
737 1854 874 1920 iactaret
901 1855 985 1937 apud
1015 1858 1133 1936 patres,
1165 1853 1244 1919 nulli

73 1962 154 2024 ante
168 1957 383 2023 Romanorum
406 1958 549 2024 eiusdem
563 1956 682 2042 fastigii
699 1961 767 2027 viro
783 1961 942 2043 geminam
958 1961 1090 2043 stirpem
1105 1959 1241 2042 editam3
1260 1980 1277 2032 o

74 2083 154 2129 nam
176 2068 301 2144 cuncta,
331 2063 428 2128 otiam
451 2062 592 2144 fortuita,
625 2065 666 2129 ad
689 2064 823 2146 gloriam
846 2065 1001 2132 vertebat.
1046 2065 1104 2131 sed
1124 2064 1242 2148 populo

73 2170 135 2235 tali
158 2169 191 2233 in
213 2171 358 2250 ternpore
374 2169 407 2234 id
422 2186 549 2250 quoque
564 2168 706 2236 dolorem
721 2171 804 2251 tulit,
829 2176 992 2252 tamquam
1006 2177 1119 2238 anctus
1134 2171 1242 2237 liberis

75 2276 204 2340 Drusus
228 2274 354 2338 domum
380 2272 560 2340 Germanici
583 2276 686 2358 magis
708 2283 870 2359 urgueret.

168 2382 220 2446 85.
255 2377 376 2442 Eodem
399 2397 482 2444 anno
506 2379 656 2463 gravibus
679 2385 809 2446 senatus
833 2382 969 2447 decretis
992 2381 1089 2448 libido
1112 2380 1242 2448 femina·

74 2503 149 2549 rum
172 2483 310 2550 coercita
325 2488 525 2566 cautumque,
550 2503 590 2551 ne
613 2491 780 2567 quaestum
796 2504 926 2568 corpore
948 2485 1067 2553 laceret
1091 2487 1141 2553 cui
1164 2506 1242 2554 avus

76 2595 137 2658 aut
163 2593 256 2672 pater
289 2594 346 2654 aut
374 2590 507 2656 maritus
536 2607 632 2672 eques
658 2590 820 2656 Romanus
847 2590 969 2661 basset.
1014 2609 1089 2657 nam
1116 2592 1244 2659 Vistilia

113 2805 141 2859 8.
158 2799 345 2869 sepulchrum:
356 2798 661 2868 Grabdenlrmal,aeeuo·
714 2801 795 2856 einen
807 2801 926 2869 Featzug
939 2801 1092 2872 (travectio)
1105 2802 1216 2859 hialten.
1233 2803 1287 2858 Liv

73 2885 192 2958 τάφων.
497 2913 499 2917 ·
713 2889 762 2956 lx,
779 2891 822 2944 ld

113 2979 140 3035 9.
157 2975 297 3031 ὒνῶιιιιαῑι
315 2975 359 3031 ein
376 2973 519 3034 Kotafalk.
539 3005 573 3014 -
590 2975 661 3045 Ebi-

75 3064 188 3134 daphne
205 3064 265 3120 eine
275 3063 411 3119 Vorstadt
422 3080 475 3119 von
487 3063 661 3119 Antiochien.
715 3046 784 3120 K⁵⁸1²·
803 3045 847 3104 ⁸4·
870 3045 1098 3120 ΖΜΟ
1115 3045 1164 3106 ⁶³⁸
1180 3048 1298 3109 Dm·

114 3156 157 3206 11.
183 3155 338 3206 remordeor
361 3150 463 3219 clapeus
486 3150 540 3221 vgb
559 3151 608 3221 lII,
627 3153 661 3207 57
749 3157 776 3209 2.
802 3152 872 3208 ᾶιιοε
901 3153 953 3208 mit
981 3153 1088 3210 Namen
1115 3153 1296 3212 Germanicus

74 3239 134 3295 und
153 3242 188 3294 72
205 3239 328 3309 q‘fipicm,
347 3238 395 3306 IV,
405 3243 440 3295 74
458 3254 538 3293 oram
549 3253 662 3298 emere.
715 3240 774 3312 (lv,
794 3242 839 3308 15)
857 3241 913 3298 und
930 3241 1056 3298 Tiberius
1075 3242 1134 3313 (VI,
1152 3243 1208 3315 46).

76 3357 113 3367 -
131 3326 248 3394 dipsas:
272 3326 432 3396 Medaiilon,
451 3327 479 3381 in
498 3327 547 3382 der
565 3326 661 3396 palati·
750 3331 775 3383 3.
787 3327 1071 3398 modiciapeuutc'buo:
1084 3331 1296 3401 venigerhooh·

75 3415 192 3471 unchen
210 3414 367 3470 Bibliothek
384 3414 419 3473 K
438 3418 482 3471 37.
714 3415 844 3484 gestellte
863 3416 1012 3482 Familiam
1031 3417 1085 3486 vgl.
1098 3420 1119 3489 1,
1132 3421 1165 3474 73
1183 3418 1297 3474 mutes

116 3506 158 3556 12.
180 3501 348 3571 eloquentiae
373 3502 427 3573 vgl.
454 3503 528 3558 Suet
553 3502 611 3559 cal.
634 3505 660 3570 3,
714 3503 866 3572 equitibus..
885 3533 918 3543 -
943 3503 1061 3560 Penates
1079 3505 1124 3561 bei
1142 3505 1195 3562 den
1213 3507 1296 3561 nach·

76 3606 120 3647 vro
145 3589 204 3646 sein
224 3590 425 3646 Reduertalent
449 3590 578 3659 gerohus
604 3591 661 3646 und
713 3592 797 3648 klass.
815 3592 985 3648 Prosailrern
1009 3591 1050 3648 oft
1071 3592 1101 3647 in
1126 3592 1174 3648 der
1190 3593 1295 3649 Beden-

75 3679 136 3734 ihm
159 3678 231 3733 auch
250 3678 423 3746 griechische
442 3678 595 3734 Komodien
613 3695 661 3734 au·
715 3686 784 3748 tung
802 3680 880 3734 Haus
899 3679 967 3736 oder
985 3679 1110 3736 Familia.

77 3766 259 3836 goschrieben
275 3765 393 3823 werden.
751 3772 776 3824 7.
795 3767 846 3821 toli
863 3768 895 3821 irc
910 3773 1028 3837 terrvpore
1055 3768 1101 3824 bei
1120 3769 1152 3828 T.
1169 3770 1296 3839 ganohn-

117 3859 159 3909 15.
186 3869 288 3909 cunctos
317 3853 472 3910 besondore
500 3854 597 3910 Platae
625 3858 663 3910 im
715 3855 771 3910 lich
792 3855 843 3912 vie
860 3855 906 3910 bei
923 3855 1018 3911 Livius
1043 3872 1096 3912 von
1121 3857 1196 3914 einer
1214 3857 1296 3912 dblen

79 3941 200 3997 Theater
226 3941 273 3997 rur
297 3941 341 3998 die
360 3940 514 3997 Senatoren
538 3943 595 3998 und
619 3943 663 3999 lor
715 3943 1295 4016 Laga.-uactcatibcru'or,Kindorsegen‘;

81 4028 234 4097 dieRitter,
246 4029 291 4084 bei
304 4029 439 4085 latnteren
452 4031 662 4088 nuterschieden
715 4033 768 4100 vgl.
788 4035 856 4100 Agr.
874 4035 892 4087 6
909 4036 1008 4086 cactus
1023 4033 1091 4100 filia.

81 4117 113 4171 in
130 4117 171 4172 die
189 4117 238 4174 der
256 4115 379 4172 iuniores
397 4115 454 4171 und
472 4116 662 4176 denarratores.
751 4122 776 4176 8.
805 4124 951 4189 carpocrate
988 4119 1231 4191 ,zumckdrtngcm
1266 4120 1294 4174 in

120 4206 159 4260 16.
175 4204 271 4260 idsbcs
285 4203 377 4273 Iuliis,
396 4205 576 4262 anvelchem
588 4208 663 4277 Tage
715 4206 820 4263 betroff
835 4207 883 4264 der
900 4208 1033 4265 Amsicht
1055 4206 1106 4264 aul
1127 4206 1172 4263 dia
1190 4206 1295 4262 Thron-

84 4293 128 4348 die
147 4293 379 4350 Bittercenturicn
401 4310 438 4350 nu
459 4293 490 4364 jo
518 4297 535 4350 6
557 4300 664 4351 turenae
716 4294 799 4364 tolga.
874 4336 877 4340 -

134 4397 232 4442 Tacitus
244 4398 364 4444 Annalem.
1157 4404 1189 4455 ll
