2934 4818
198 261 260 322 138
648 269 731 325 Liber
748 271 783 326 11.
812 270 878 340 (lap.
896 274 941 329 63.

249 413 401 480 ultionem
417 431 524 479 ausus.
569 411 596 476 is
619 411 727 478 valida
741 431 838 477 manu
852 410 931 478 fines
947 411 1221 478 Marcomanorum
1237 409 1439 493 ingreditur

248 519 468 601 corruptisque
490 518 680 601 primoribus
703 517 745 584 ad
765 518 951 584 societatem
973 518 1127 599 inrumpit
1150 519 1284 600 regiam
1311 515 1439 583 castel·

247 624 375 708 lumque
396 626 485 691 iuxta
500 625 605 692 situm.
651 627 776 689 veteres
798 623 864 690 illic
878 622 1053 689 Sueborum
1075 624 1219 706 praedae
1244 627 1284 688 et
1311 621 1440 687 nostris

248 749 266 796 e
289 730 456 815 provinciis
485 729 568 795 lixae
592 749 630 797 ao
653 730 867 812 negotiatores
890 730 1015 810 reperti,
1049 746 1128 810 quos
1150 730 1201 794 ius
1226 727 1439 794 commercii

196 856 230 908 10
249 835 322 900 dein
344 834 459 916 cupido
481 833 619 918 augendi
642 835 817 916 pecuniam,
841 841 1035 916 postremum
1060 834 1175 901 oblivio
1197 834 1341 916 patriae
1370 833 1438 898 suis

247 957 403 1022 quemque
426 941 466 1006 ab
491 940 618 1007 sedibus
641 939 788 1006 hostilem
811 941 844 1006 in
868 959 980 1023 agrum
1003 940 1224 1007 transtulerat.

337 1050 388 1113 63.
413 1045 607 1112 Maroboduo
630 1047 769 1128 undique
785 1046 910 1112 deserto
934 1065 996 1112 non
1012 1047 1099 1112 aliud
1115 1046 1303 1124 subsidium
1332 1063 1437 1128 quam

248 1152 465 1219 misericordia
487 1150 635 1218 Caesaris
657 1149 726 1218 fuit.
772 1157 991 1233 transgressus
1015 1153 1205 1232 Danuvium,
1233 1171 1307 1234 qua
1334 1150 1438 1216 Nori-

248 1258 533 1340 comprovinciam
558 1255 715 1340 praefluit,
740 1259 869 1339 scripsit
886 1258 1011 1325 Tiberio
1034 1277 1097 1325 non
1120 1265 1156 1324 ut
1180 1257 1347 1341 profugus
1376 1263 1436 1322 aut

247 1364 389 1446 supplex,
422 1366 479 1430 sed
502 1383 542 1430 ex
563 1367 717 1431 memoria
744 1364 859 1447 prioris
881 1363 1045 1430 fortunae:
1078 1383 1153 1430 nam
1176 1363 1294 1428 multis
1322 1364 1436 1429 natio

212 1470 339 1542 suibus
363 1470 572 1536 clarissimum
594 1471 753 1551 quondam
776 1488 885 1553 regem
908 1470 949 1542 od
973 1488 1008 1537 se
1031 1470 1218 1536 vocantibus
1235 1470 1434 1535 Romanam

247 1576 418 1640 amicitiam
441 1575 641 1657 praetulisse.
687 1594 874 1658 responsum
897 1573 1070 1642 aansare
1092 1582 1197 1642 tutam
1219 1575 1252 1641 ei
1276 1575 1434 1641 honora·

246 1685 376 1762 tamque
399 1681 504 1747 sedem
527 1682 559 1746 in
583 1681 677 1747 ltalia
699 1681 776 1762 loro,
800 1683 828 1747 si
851 1686 1013 1747 maneret:
1041 1683 1090 1746 sin
1113 1683 1209 1748 rebus
1233 1681 1311 1746 cius
1337 1679 1433 1747 alind

247 1787 445 1867 conduceret,
469 1787 629 1852 abiturum
645 1786 708 1852 fide
731 1806 795 1869 qua
810 1788 958 1853 venisset.
1005 1793 1146 1854 ceterum
1164 1787 1252 1868 apud
1268 1792 1431 1852 senatum

247 1893 397 1958 disseruit
427 1912 490 1957 non
518 1891 699 1974 Philippum
722 1892 977 1973 Atheniensibus,
1010 1913 1073 1958 non
1103 1894 1234 1976 Pyrrum
1269 1899 1339 1958 aut
1364 1893 1431 1957 An-

195 2019 229 2069 1o
246 1998 386 2064 tiochum
402 1998 519 2081 populo
533 1998 676 2065 Romano
693 1999 822 2081 perinde
838 1999 1024 2066 metuendos
1040 1999 1146 2066 luisse.
1194 2003 1285 2063 extat
1304 1999 1429 2074 oratio,

247 2123 310 2186 qua
332 2105 581 2186 magnitudinem
605 2105 673 2183 viri,
707 2104 890 2170 violentiam
914 2105 1128 2172 subiecturum
1159 2105 1371 2186 algentium
1396 2109 1431 2168 et

246 2228 339 2292 quam
363 2211 558 2292 propinquus
582 2208 695 2274 Italiac
718 2209 829 2290 hostis,
860 2228 980 2292 suaque
1003 2211 1036 2276 in
1060 2209 1255 2276 destruendo
1278 2227 1326 2275 eo
1354 2227 1430 2274 con·

246 2315 318 2381 silia
348 2315 470 2381 extulit.
527 2323 559 2380 et
593 2314 807 2381 Maroboduus
842 2315 969 2396 quidem
1004 2315 1175 2381 Ravennae
1208 2315 1363 2396 habitus,
1401 2314 1428 2378 si

246 2421 375 2503 quando
403 2421 631 2488 insolescerent
654 2419 760 2501 Suebi,
792 2421 883 2503 quasi
904 2421 1066 2488 rediturus
1093 2423 1125 2486 in
1149 2439 1283 2501 regnum
1310 2427 1427 2486 osten-

195 2544 227 2597 15
245 2527 393 2592 labatur:
418 2527 473 2591 sed
497 2545 559 2592 non
583 2528 719 2591 excessit
741 2526 834 2592 ltalia
856 2544 914 2608 per
937 2527 1154 2610 duodeviginti
1179 2543 1280 2591 annos
1306 2545 1427 2592 conse·

245 2631 377 2712 nuitque
400 2631 534 2696 multum
557 2632 726 2696 imminuta
756 2631 902 2697 claritate
926 2633 967 2698 ob
990 2633 1118 2698 nimiam
1143 2630 1271 2698 vivendi
1294 2632 1426 2713 cupidi-

245 2754 326 2801 nem.
371 2736 456 2800 idem
485 2732 660 2801 Catualdae
689 2754 780 2802 casus
814 2754 916 2818 neque
947 2736 1034 2802 aliud
1064 2735 1254 2819 perfugium.
1301 2737 1425 2818 pulsus

245 2842 332 2908 baud
361 2840 462 2905 multo
492 2844 565 2923 post
587 2839 880 2906 Hermundurorum
912 2842 1024 2923 opibus
1055 2850 1087 2908 ct
1110 2843 1228 2908 Vibilio
1259 2842 1424 2907 ducere

246 2953 426 3029 captusque,
440 2947 556 3011 Forum
570 2945 695 3026 lulium,
712 2945 927 3011 Narbonensis
941 2946 1066 3013 Galliae
1080 2948 1244 3028 coloniam,
1262 2949 1422 3015 mittitur.

190 3073 227 3124 20
245 3053 376 3118 barbari
403 3056 573 3132 utrumque
598 3049 738 3117 comitati
768 3069 809 3116 ne
832 3051 953 3132 quietus
977 3053 1156 3133 provincias
1187 3053 1325 3119 immixti
1352 3060 1423 3119 tur-

227 3266 252 3319 9.
272 3261 359 3315 labae:
377 3260 579 3317 Marketender.
593 3289 627 3301 -
642 3259 688 3313 ius
706 3275 773 3313 corn·
864 3263 905 3318 12.
925 3276 1007 3329 quem
1014 3261 1194 3329 propinquus
1207 3261 1421 3318 einindirelrter

91 3357 95 3366 '
191 3348 286 3406 mercii
303 3347 408 3418 gemtss
428 3348 488 3402 dem
507 3348 541 3402 Κ.
560 3349 595 3402 45
614 3347 773 3402 erwahnten
826 3334 980 3414 Fragesata
1004 3349 1093 3402 neben
1112 3349 1202 3404 ciuem
1221 3349 1343 3416 Nomen,
1369 3351 1421 3404 wie
1463 3381 1464 3386 κ

192 3437 355 3493 Btlndnisse.
383 3437 773 3506 Wennnichtsdestoweniger
826 3435 874 3503 IV,
893 3437 924 3489 31
944 3451 1051 3504 ymarus
1061 3435 1242 3490 meliorumct
1255 3453 1326 3506 quae
1337 3437 1420 3504 fama

192 3527 242 3582 das
256 3525 334 3580 Laud
347 3525 436 3594 gleich
448 3523 555 3578 hortulis
567 3525 772 3595 genanntwird‚
826 3522 991 3576 clenentiam
1015 3529 1183 3592 sequeretur.
1210 3555 1246 3565 -
1274 3525 1420 3579 destruere

192 3631 224 3671 so
242 3613 387 3683 geschieht
411 3612 500 3667 dieses
528 3613 556 3667 in
574 3612 772 3668 verschhrftem
825 3627 879 3666 ron
909 3611 986 3666 einer
1014 3612 1120 3667 Person
1150 3613 1224 3668 noch
1255 3613 1321 3668 hiat.
1352 3615 1376 3682 1,
1399 3616 1418 3666 6
1462 3679 1463 3694 ἵ

194 3702 365 3770 Gegensatze
383 3717 417 3756 au
432 3699 554 3768 patrico.
824 3713 912 3752 aarum
931 3737 955 3755 ..
976 3698 1160 3758 destruebant.
1462 3703 1463 3723 ¹

228 3808 275 3878 63,
294 3811 319 3865 3.
334 3805 469 3874 praefluit
479 3812 513 3859 st.
525 3803 705 3872 praeterfluit,
723 3804 773 3859 wie
862 3804 904 3857 14.
922 3802 1082 3859 insolescere
1100 3806 1168 3861 auch
1183 3805 1217 3863 Κ.
1228 3809 1263 3863 75
1278 3805 1336 3861 und
1349 3806 1416 3861 hist.

193 3896 252 3966 XV,
272 3898 320 3959 15;
339 3895 392 3962 vgl.
412 3894 447 3961 ΙΙ,
466 3891 685 3960 6prccoelu'tur.
825 3889 860 3956 II,
880 3891 905 3955 7,
924 3890 1139 3947 nachlrlassisoh.

229 3986 253 4039 8.
278 3981 332 4048 fido
350 3997 405 4049 qua
430 3987 499 4035 statt
523 3977 615 4034 eadem
632 3976 687 4042 fide
705 3993 769 4045 quc,
863 3977 905 4033 18.
922 3973 1180 4032 Hermundurorum
1194 3979 1351 4036 Naehbarn
1365 3982 1414 4037 der
1461 3973 1462 4057 i

193 4073 245 4128 wie
273 4071 306 4125 Κ.
331 4071 365 4124 78
392 4067 464 4122 nach
491 4066 541 4122 der
568 4064 771 4132 gewbhnlichen
825 4061 1051 4131 Markomannen,
1079 4067 1116 4120 im
1143 4067 1286 4124 bstliehen
1314 4069 1413 4125 Baiern

194 4156 437 4216 Ausdruclrsueise
449 4153 629 4224 geschrieben
642 4152 686 4205 ist
708 4150 772 4206 Die·
824 4149 881 4206 und
900 4148 1065 4218 Thuringen.

194 4249 270 4304 solbe
288 4247 396 4315 Ellipse
415 4243 447 4297 Κ.
460 4245 495 4297 67
513 4239 631 4309 exemplo
650 4254 722 4307 quo;
740 4255 772 4293 so
862 4239 903 4291 19.
927 4234 1031 4291 Forum
1061 4237 1168 4294 ludium
1195 4242 1269 4312 ietzt
1296 4243 1411 4313 Frejusc
1460 4265 1461 4318 3

194 4353 248 4394 nur
265 4337 294 4391 in
313 4335 365 4391 den
384 4329 519 4387 Annalen.
825 4326 892 4393 Agr.
910 4326 935 4376 4.
1460 4319 1461 4391 i
