2934 4818
496 260 580 315 Liber
598 261 635 319 11.
666 260 732 329 Cap.
750 264 775 316 7.
1197 251 1236 311 91

11 420 122 482 cuper
146 419 224 483 quas
246 406 406 466 tormenta
420 401 620 483 veherentur,
643 403 738 467 simul
753 406 849 484 eptae
864 401 1002 468 ferendis
1025 405 1115 484 equis
1130 409 1188 470 aut

11 509 235 588 :ommeatui;
269 507 347 572 velis
378 505 511 586 habiles,
549 509 631 572 citae
662 507 758 572 remis
783 507 987 590 augebantur
1017 508 1186 575 alacritate

11 613 162 677 militum
189 613 222 677 in
253 613 390 694 speciem
413 630 451 677 ac
474 618 642 680 terrorem.
688 613 792 678 insula
815 613 1009 679 Batavorum
1036 615 1069 679 in
1092 632 1187 696 quam
1207 634 1243 686 ro

11 719 231 784 convenirent
247 719 420 800 praedicta,
444 718 484 783 ob
507 717 616 784 faciles
633 718 787 801 adpulsus
811 719 1066 802 accipiendisque
1088 721 1187 803 copiis

11 829 43 888 et
78 823 366 888 transmittendum
398 823 439 888 ad
470 823 589 888 bellum
619 829 807 906 opportuna.
860 843 934 888 nam
964 824 1094 890 Rhenus
1125 844 1187 892 uuo

11 929 114 994 alveo
139 930 305 994 continuus
329 935 385 994 aut
408 929 549 995 modicas
580 930 702 995 insulas
725 931 973 996 circumveniens
996 932 1080 1012 apud
1104 932 1188 1012 prin·

11 1034 142 1114 cipium
169 1035 236 1116 agri
258 1034 372 1099 Batavi
400 1034 489 1100 velut
521 1035 554 1099 in
583 1034 662 1100 duos
693 1054 801 1100 amnes
825 1035 985 1114 dividitur,
1019 1043 1188 1118 servatque

11 1157 141 1204 nomen
165 1146 196 1204 et
211 1140 392 1206 violentiam
408 1158 529 1220 cursus,
553 1158 617 1222 qua
633 1139 835 1206 Germaniam
851 1140 1061 1222 praeuehitur,
1087 1141 1189 1208 donec
1208 1158 1243 1210 15

11 1247 156 1311 Oceano
179 1247 370 1311 misceatur:
400 1248 442 1312 ad
466 1246 622 1312 Gallicam
652 1248 753 1328 ripam
775 1247 871 1312 latior
901 1254 934 1312 et
956 1248 1110 1330 placidior
1132 1249 1188 1313 ad-

11 1347 126 1415 tluens
153 1389 190 1398 —
217 1370 309 1418 verso
341 1359 550 1435 cognomento
574 1352 727 1418 Vahalem
750 1352 877 1418 accolae
901 1353 1010 1418 dicum
1031 1391 1084 1434 —,
1116 1371 1189 1420 mox

14 1457 50 1519 id
77 1475 207 1539 quoque
222 1458 411 1523 vocabulum
434 1464 540 1523 mutat
560 1458 652 1523 Mosa
673 1456 801 1524 flumine
824 1459 954 1540 eiusque
976 1460 1117 1524 inmenso
1132 1478 1188 1525 ore

17 1563 164 1627 eundem
186 1563 219 1626 in
242 1562 404 1628 Oceanum
428 1561 611 1629 effunditur.

117 1675 147 1736 7.
172 1668 233 1733 Sed
250 1667 376 1749 Caesar,
402 1669 475 1734 dum
499 1670 671 1751 adiguntur
685 1687 792 1750 naves,
817 1669 927 1734 Silium
951 1670 1092 1752 legatum
1117 1689 1188 1734 cum

19 1775 175 1855 expedita
190 1793 286 1840 manu
300 1776 512 1857 inruptionem
536 1777 567 1840 in
583 1773 718 1840 chattos
741 1774 847 1840 iacere
869 1775 972 1840 iubet:
995 1776 1063 1856 ipse
1080 1774 1189 1840 audito

20 1879 194 1944 castellum
216 1880 337 1962 Lupiae
366 1878 486 1946 flumini
516 1881 696 1963 adpositum
724 1880 870 1961 obsideri,
902 1897 957 1945 sex
989 1879 1128 1961 legiones
1151 1898 1189 1944 eo

22 1984 125 2051 duxit.
172 2003 273 2068 neque
298 1985 372 2052 Silio
405 1986 444 2053 ob
477 1987 599 2051 subitos
626 1986 742 2051 imbres
774 1985 858 2050 aliud
890 1993 995 2051 actum
1026 2003 1122 2066 quam
1151 1990 1190 2050 ut

22 2092 185 2156 modicam
208 2094 358 2172 praedam
383 2099 416 2157 et
432 2093 510 2172 Arpi
525 2093 676 2174 principis
693 2091 881 2156 Chattorum
898 2092 1061 2172 coniugem
1077 2091 1190 2156 filiam·
1208 2109 1227 2160 o

24 2215 87 2277 que
112 2203 249 2278 raperet,
280 2216 382 2280 neque
406 2195 536 2263 Caesari
562 2199 684 2280 copiam
711 2216 839 2280 pugnae
863 2197 1045 2262 obsessores
1075 2195 1188 2277 fecere,

25 2304 66 2365 ad
91 2301 208 2366 laruam
232 2303 386 2368 adventus
409 2306 477 2369 eius
502 2304 629 2384 dilapsi:
654 2304 811 2397 tumulum
833 2308 939 2368 tamen
962 2321 1063 2384 nuper
1079 2303 1190 2368 Varia-

26 2410 76 2472 nis
106 2407 282 2490 legionibus
313 2414 471 2475 structum
503 2415 538 2475 et
561 2416 699 2475 veterem
730 2427 817 2474 aram
843 2409 947 2474 Druso
975 2409 1069 2474 sitam
1098 2410 1190 2474 disie-

29 2654 133 2710 andern
153 2654 232 2721 Seite,
256 2655 304 2708 mit
322 2655 383 2709 dem
402 2655 521 2710 Vorder·
542 2655 608 2711 oder
701 2657 740 2712 15.
755 2654 889 2722 praevehi
907 2679 943 2698 =
961 2655 1147 2723 praetervehi.

30 2741 175 2797 Hinterteil
193 2742 300 2797 landen.
700 2745 740 2796 16.
760 2741 867 2796 Oceano
875 2743 1031 2810 misceatur,
1040 2742 1165 2798 denselbe
1173 2742 1245 2797 Aus-

64 2834 89 2886 6.
108 2835 192 2899 aptas
209 2847 232 2885 c.
242 2829 295 2886 dat.
306 2830 459 2899 gerundivi,
469 2832 519 2886 wie
531 2832 563 2885 Κ.
575 2835 608 2886 14
663 2829 749 2885 druch
766 2830 856 2885 Germ.
879 2835 902 2885 l.

32 2936 55 2972 a.
71 2919 223 2972 imminenti
236 2934 365 2987 papnae5
390 2920 441 2986 llI,
454 2921 487 2973 31
507 2936 532 2973 a.
545 2925 608 2973 tem·
699 2923 740 2974 17.
759 2923 966 2988 cognomentum
977 2942 1013 2962 =
1030 2933 1143 2982 nomem
1164 2919 1185 2986 1,
1199 2921 1245 2977 23.

29 3007 161 3075 parandis
178 3006 286 3060 animis.
699 3011 739 3064 18.
758 3007 919 3061 uocabulum
937 3009 960 3073 l,
979 3007 1004 3061 8.
1023 3010 1066 3064 23.

66 3100 91 3152 9.
109 3094 175 3150 neiis
193 3095 295 3148 habiles
313 3095 369 3149 und
388 3095 438 3150 das
458 3094 524 3164 folg.
542 3096 609 3163 geht

35 3184 80 3238 auf
95 3183 149 3238 ane
167 3181 276 3237 Schiffe.
661 3164 730 3237 zap.
748 3164 773 3222 l.
817 3161 922 3222 Elnisll
948 3162 978 3220 ln
1006 3161 1057 3222 dar
1082 3162 1162 3222 hand
1194 3162 1249 3223 der

71 3275 108 3325 10.
132 3269 164 3323 m
186 3271 300 3338 speciem
323 3285 356 3324 aa
380 3275 509 3324 tannem
536 3270 608 3324 auch
679 3251 797 3311 dhetten
814 3249 873 3310 nni
890 3251 949 3324 hug
966 3251 1036 3310 nach
1053 3249 1104 3310 der
1122 3252 1224 3312 cheren

37 3363 98 3428 Agr.
125 3361 167 3416 35.
202 3357 234 3411 in
260 3375 311 3412 aur
338 3358 533 3426 Beaeichnung
560 3357 608 3412 der
902 3338 996 3412 ῙᾸΙΡΘ·

37 3449 116 3515 Fulge
135 3447 202 3502 oder
220 3447 367 3514 Wirkung.
404 3445 455 3501 Die
475 3446 609 3500 alacritas
697 3452 722 3501 2.
740 3447 814 3500 iubet
832 3486 854 3500 ..
874 3447 955 3500 danii
973 3446 1027 3515 vgl.
1039 3448 1061 3514 1,
1072 3449 1106 3502 39
1124 3447 1244 3514 imperat

37 3537 145 3590 militam
161 3536 303 3613 bewirkte,
322 3534 382 3589 dass
402 3535 444 3590 die
455 3535 557 3589 Schiffe
575 3553 609 3589 zu
662 3535 819 3603 recepitque.

39 3623 297 3680 einerfurchtbaren
310 3623 609 3691 Erscheinungharan·
699 3627 723 3678 3.
748 3622 888 3676 castellnm
920 3638 973 3678 von
1002 3622 1062 3676 dem
1090 3627 1174 3676 unten
1202 3637 1243 3677 er·

39 3715 164 3770 uuehsen.
184 3742 218 3752 -
242 3711 335 3766 insuia
353 3711 523 3766 Batauorum
547 3713 609 3766 zwi·
662 3711 791 3767 wthnten
803 3709 880 3764 Aliso
899 3728 933 3765 au
946 3710 1165 3765 unterscheiden.
1190 3710 1243 3766 Die

41 3803 116 3857 schen
133 3801 222 3856 Rhein
241 3801 296 3857 und
314 3801 403 3856 Waal.
662 3799 738 3867 Lege
748 3798 842 3853 beiden
854 3799 921 3853 laist
935 3799 993 3853 sich
1004 3799 1080 3854 nicht
1091 3799 1142 3852 mit
1154 3799 1247 3854 noller¹

71 3896 110 3948 ll.
137 3889 307 3958 accipiendis
335 3887 421 3956 copiis
451 3889 540 3944 neben
571 3889 609 3943 ad
663 3885 819 3942 Sicherheit
849 3886 1019 3949 leststellen3
1054 3903 1107 3941 nur
1138 3887 1244 3956 ergiebt

43 3979 80 4032 ein
98 3995 148 4033 nur
165 3980 218 4034 den
237 3977 364 4031 Annalen
383 3977 609 4044 cigenthmlicher
662 3975 720 4029 sich
739 3991 790 4030 aus
809 3975 858 4029 der
877 3990 981 4042 ganzes
994 3975 1163 4044 Erzahlung,
1182 3974 1247 4029 daia

42 4065 374 4122 Konstruktionswechsel.
658 4063 738 4131 jenes
757 4063 845 4118 hoher
863 4063 961 4117 hinauf
977 4063 1031 4131 lag.

74 4160 111 4210 12.
140 4155 324 4209 transmittere
362 4151 608 4222 (hindberspielen)
698 4154 722 4205 7.
742 4150 844 4220 dilapsi
862 4151 984 4215 absolut;
1003 4151 1025 4217 I,
1042 4153 1082 4206 16.
1102 4180 1134 4188 -
1154 4164 1248 4217 anper

44 4241 135 4310 hellam,
154 4244 203 4298 wie
222 4243 286 4297 hist.
304 4241 341 4308 ΙΙ,
363 4245 395 4295 17
414 4241 475 4309 (ΙΙΙ,
494 4241 530 4307 5).
641 4303 646 4320 ἱ
664 4239 686 4308 Ι,
705 4241 749 4294 62.

76 4336 112 4387 13.
130 4331 204 4400 apred
218 4329 391 4400 praecipiam
408 4330 430 4395 1,
449 4331 492 4384 69.
698 4330 724 4382 8.
742 4327 825 4382 sitam
842 4351 878 4372 =
896 4327 1013 4395 positam
1031 4326 1055 4394 1,
1073 4328 1115 4384 39,
1134 4328 1177 4380 74.
