2972 4824
520 276 603 331 Liber
620 277 641 329 I.
673 275 738 344 (lap.
757 278 800 328 42.
1223 257 1264 317 47

37 419 125 484 inde
160 424 193 484 et
223 419 383 486 miseratio
412 424 445 482 et
475 420 578 501 patris
601 418 770 501 Agrippae,
804 417 940 500 Augusti
968 416 1021 481 avi
1051 414 1212 492 memoria,

38 543 146 589 socer
162 524 293 604 Drusus,
317 525 387 606 ipsa
409 525 525 607 insigni
547 523 751 605 fecunditate,
774 523 939 606 praeclare
960 521 1127 604 pudicitia3
1150 520 1214 584 iarn

37 629 157 694 intans
179 631 213 695 in
228 631 343 696 castris
356 631 489 712 genitur,
514 631 547 695 in
562 630 767 696 contubernio
782 629 941 712 legionum
956 629 1098 709 eductus
1120 644 1214 709 quern

36 736 185 801 militari
213 737 368 802 vocabulo
399 735 577 819 Caligulam
611 735 828 819 appellabant,
859 736 934 818 quia
959 733 1145 817 plenumque
1172 731 1214 796 od
1234 751 1268 802 10

38 842 251 908 concilianda
280 842 368 925 vulgi
399 843 506 908 studia
536 861 573 908 eo
596 843 736 924 tegmine
764 841 882 924 pedum
912 839 1113 906 induebatur.
1158 838 1216 904 scd

37 948 130 1013 nihil
158 967 259 1030 aeque
287 946 375 1014 flexit
403 966 497 1030 quam
523 948 643 1015 invidia
672 949 705 1013 in
726 948 895 1014 Treveros:
926 951 1020 1013 orant
1047 946 1214 1025 obsistunt,

39 1055 174 1120 rediret
195 1059 350 1135 moueret,
374 1073 449 1136 pars
472 1054 668 1137 Agrippinae
690 1058 900 1133 occursantes
924 1052 1051 1135 plurimi
1073 1052 1114 1116 ad
1136 1051 1215 1116 Ger·

39 1161 210 1225 monicum
233 1160 380 1242 regressi.
426 1161 516 1243 isque
543 1166 583 1226 ut
612 1164 683 1226 erat
711 1178 823 1226 recens
855 1159 965 1226 dolore
985 1163 1020 1224 et
1040 1159 1097 1239 ira,
1129 1156 1216 1241 apud

40 1265 256 1332 circumfusos
278 1266 323 1330 ita
346 1267 456 1348 coepit.
901 1320 904 1326 .
1235 1282 1267 1332 15

142 1377 195 1438 42.
221 1371 310 1451 ,Non
325 1372 404 1437 mihi
427 1390 505 1438 uxor
528 1377 585 1437 aut
598 1370 682 1437 filius
697 1375 790 1455 patre
812 1374 847 1437 et
867 1389 903 1436 re
925 1368 1055 1452 publica
1076 1369 1215 1435 cariores

42 1483 139 1558 sunt,
163 1479 220 1543 sed
233 1477 323 1543 illurn
337 1478 466 1560 quidem
480 1497 540 1543 sna
554 1479 716 1557 maiestas,
739 1476 906 1559 imperium
920 1475 1095 1542 Romanum
1118 1476 1217 1542 ceteri

42 1584 212 1649 exereitus
228 1583 408 1650 defendent.
454 1585 620 1666 coniugem
638 1589 671 1649 et
693 1581 811 1649 liberos
827 1599 924 1662 meos,
947 1600 1027 1665 quos
1041 1599 1100 1663 pro
1115 1579 1216 1661 gloria

43 1695 162 1754 vestra
190 1689 291 1756 libens
321 1691 364 1756 ad
391 1691 520 1756 exitium
550 1688 705 1770 offerrem,
739 1707 823 1754 nunc
851 1689 963 1771 procul
994 1687 1216 1755 alluentibus

43 1814 246 1876 summoveo,
277 1802 318 1861 ut.
343 1797 496 1878 quidquid
525 1796 611 1862 istud
639 1795 768 1861 sceleris
798 1795 952 1875 imminet,
984 1813 1055 1860 meo
1089 1798 1250 1865 tantum5

43 1902 207 1984 sangiune
242 1903 361 1984 pietur,
398 1921 477 1968 neve
511 1903 634 1969 ondens
668 1901 805 1984 Augusti
839 1918 1010 1983 pronepos,
1045 1899 1216 1967 interfecta

43 2008 171 2074 Tiberii
198 2027 296 2074 nurus
319 2010 519 2074 nocentiores
541 2026 596 2075 vos
618 2006 746 2074 iaciant.
778 2008 853 2088 quid
876 2005 961 2073 enim
989 2026 1046 2090 per
1067 2006 1125 2073 hos
1148 2006 1215 2072 dies

45 2117 200 2180 inausum
223 2115 488 2182 intemeratumve
510 2115 623 2182 vobis?
645 2115 730 2197 qnod
751 2132 866 2179 nomen
888 2113 961 2180 huic
983 2115 1087 2179 coetui
1110 2113 1216 2180 dabo?

45 2220 211 2286 militesne
226 2220 391 2302 appellem,
415 2222 470 2303 qui
492 2220 591 2287 filium
613 2220 815 2303 imperatoris
837 2219 935 2286 vestri
957 2219 1042 2285 vallo
1065 2224 1098 2286 et
1119 2221 1216 2286 armis

45 2519 84 2557 zu
113 2505 242 2554 externae
266 2500 332 2566 fidei
363 2501 530 2570 hinzuriiigen
556 2501 634 2555 tradi
687 2500 824 2555 obsisterent
835 2500 922 2555 durch
929 2500 1164 2574 pars..rc9reeec'
1181 2500 1269 2556 uther

46 2591 119 2646 oder
137 2590 273 2648 committi.
687 2588 803 2644 erklart.

86 2685 114 2734 7.
133 2677 556 2745 nwnroric,eocerwcchseldcr
570 2677 633 2733 eub·
724 2680 765 2732 14.
791 2691 883 2731 recena
907 2693 932 2735 e.
949 2676 1005 2734 abl.
1030 2677 1189 2734 bezeichnet
1215 2677 1269 2731 den

45 2767 177 2836 jektiven
201 2766 257 2821 und
283 2767 442 2836 objelrtiven
459 2767 634 2822 Anadrucks·
688 2766 777 2820 durch
807 2767 868 2821 cine
898 2765 986 2820 Sache
1015 2766 1167 2821 bewirlrten
1196 2764 1267 2819 noch

47 2858 143 2911 weiee.
688 2855 811 2910 frischen
824 2853 976 2908 Eiudruck.
1012 2853 1268 2922 progenuerunt.

86 2949 113 3002 8.
132 2943 301 3009 fecunditate
317 2945 372 3014 vgt
390 2947 425 2999 33
438 2944 533 3012 plrcrea
550 2960 585 2999 ec·
601 2960 634 2998 en
686 2950 761 2998 ntro
784 2943 888 2998 recenti
909 2942 1009 3000 dolore.
1044 2942 1154 2998 Andors
1176 2942 1225 3010 Ill,
1253 2943 1266 2994 l

47 3035 159 3089 lederna.
685 3037 802 3087 recentes
819 3031 851 3085 in
868 3031 969 3085 dolore.

87 3127 113 3177 9.
138 3120 170 3174 tre
187 3121 412 3189 acescentem
434 3121 519 3189 irriga
537 3122 633 3177 Tradi·
724 3124 763 3175 1⁵.
782 3120 869 3188 eoepit
878 3118 999 3188 absolut,
1009 3118 1184 3185 ohnedr'ccre,
1196 3117 1269 3174 auch

48 3215 122 3277 tion,
143 3209 177 3264 da
195 3208 354 3264 derKnebe
372 3209 443 3264 nach
455 3210 528 3264 Suet
546 3210 633 3269 Galil
687 3211 723 3278 11,
742 3213 791 3272 373
809 3208 874 3263 hist.
893 3209 913 3274 l,
932 3209 984 3272 ee;
1002 3207 1036 3274 V,
1054 3209 1098 3261 26.

49 3319 84 3354 zu
94 3298 211 3352 Antium
223 3298 344 3366 geboren
352 3298 503 3353 worde-
521 3297 634 3353 eductm
721 3297 770 3368 42,
789 3301 815 3354 3.
841 3296 939 3350 isteron
961 3297 989 3349 in
1013 3292 1195 3363 Verbindung
1219 3295 1269 3348 mit

50 3389 85 3443 K.
105 3391 132 3441 4.
686 3382 1184 3453 oumowncogelrtnurauicaliguln;
1197 3382 1269 3437 denn

88 3480 132 3529 ll.
154 3474 244 3543 culpi:
269 3474 312 3529 die
330 3475 473 3543 gemeinen
492 3475 634 3545 Soldaten,
687 3476 731 3531 die
744 3475 842 3530 beiden
853 3474 961 3529 andern
973 3473 1075 3540 Sdhne,
1093 3475 1200 3526 Drusus
1211 3471 1269 3526 und

51 3567 138 3620 deren
156 3561 388 3630 Fulsbedeclrung
404 3563 495 3632 caliga
512 3572 634 3633 genennt
687 3565 770 3631 Nero,
789 3579 879 3618 waren
896 3564 925 3616 in
943 3563 1023 3620 Rom.
1059 3561 1117 3616 Der
1134 3560 1268 3629 generali·

51 3652 154 3709 surde.
687 3651 814 3707 aiercnde
833 3650 927 3705 Plurel
952 3649 1027 3705 dlent
1050 3665 1101 3704 zur
1118 3648 1268 3703 verschat·

89 3746 132 3796 12.
158 3755 240 3808 qnam
263 3740 308 3794 bei
333 3739 398 3794 Tac.
423 3740 452 3793 in
477 3740 524 3794 der
548 3741 633 3809 Regel
686 3741 753 3808 sung
773 3756 825 3795 von
843 3755 912 3807 quoe
930 3778 958 3796 ..
977 3738 1110 3804 offerrent

52 3829 125 3886 nach
144 3843 230 3896 oeque
252 3829 301 3882 mit
319 3827 397 3883 einer
416 3829 560 3897 Negation,
582 3831 633 3886 uie
722 3832 747 3886 6.
773 3827 854 3896 pieri
883 3827 945 3882 hier
972 3827 1001 3880 in
1032 3825 1080 3880 der
1108 3825 1268 3895 Bedcutung

51 3917 345 3988 instanterque
370 3917 634 3986 canebatquuam5
687 3916 925 3985 ausgcldscht
954 3914 1109 3984 werden,
1146 3930 1177 3970 so
1208 3915 1268 3970 dass

53 4009 99 4076 lV,
119 4010 153 4061 49
176 4006 246 4059 ectri
263 4022 347 4073 aeque
375 4021 458 4074 qnam
483 4005 545 4059 aitis
566 4007 634 4073 fati·
687 4022 718 4060 er
745 4005 822 4059 nicht
851 4005 946 4061 weiter
970 4009 1066 4072 wiltet,
1093 4002 1165 4058 also:
1191 4002 1268 4058 sicli

53 4096 153 4165 pobat;
182 4094 255 4161 XIV,
280 4097 330 4162 383
361 4094 427 4148 hist.
451 4095 487 4162 ΙΙ,
512 4098 558 4158 10;
586 4097 632 4159 84;
688 4094 818 4149 stillen.

55 4185 100 4252 IV,
111 4185 156 4246 35;
172 4185 221 4248 54;
239 4199 290 4237 nur
301 4182 451 4252 nict.1v,5
469 4183 539 4236 attat
549 4199 634 4250 cepae
722 4187 746 4237 9.
771 4182 858 4248 filium
879 4181 1054 4248 imperatoris
1081 4179 1268 4234 nachdruclrs·

55 4289 87 4327 nc
106 4271 175 4326 nach
187 4270 367 4326 Haaemchem
378 4271 633 4340 Sprachgebranch.
686 4271 757 4327 velle
776 4270 997 4336 Umachreibung
1014 4267 1059 4322 fur
1076 4283 1125 4325 me.
1144 4295 1178 4308 -
1195 4267 1269 4322 uallo

58 4389 87 4400 -
108 4365 189 4414 ornat
207 4359 275 4414 wird
287 4359 374 4414 durch
391 4358 494 4414 rediret
505 4364 633 4426 moneret,
687 4363 713 4413 et
739 4358 825 4413 nmio
854 4356 1066 4412 circuonedr'etre
1093 4355 1146 4425 rgl.
1174 4356 1209 4412 Κ.
1233 4358 1267 4412 35
